2672 4108
417 109 742 218 'onemses
944 159 952 172 ·
1059 113 1177 214 85*

39 351 45 364 ·
97 321 176 386 ruit
198 339 273 385 sua
332 314 412 379 hcec
434 315 468 378 et
489 309 649 398 generalis
672 313 723 376 est
744 309 906 375 mutantia
928 313 961 375 et
983 309 1122 394 specio·

98 409 172 474 liter
192 409 359 492 praeterea
380 421 467 467 nuuc
489 399 531 464 ad
551 395 707 485 Gigantes
729 396 879 483 pertinet
936 397 980 464 66
999 396 1101 482 [quia]
1213 411 1216 422 ⁴
1257 460 1259 478 ,

97 495 173 560 uim
216 490 466 575 temperatam
510 485 565 549 dii
608 505 758 570 quoque
802 483 1023 569 prouehnnt
1062 483 1103 550 in
1202 517 1207 533 =

39 609 42 615 ·
98 583 227 648 meins.
270 577 332 644 hoc
355 573 396 641 ad
417 572 604 662 Augustum
626 571 698 639 uult
719 569 841 658 referri,
863 591 958 659 quem
980 571 1102 639 scilicet
1222 625 1225 632 .

97 670 214 735 fortem
236 663 382 753 intellegi
404 663 475 728 uult
497 665 530 728 et
552 661 692 745 doctum,
713 681 772 745 per
793 681 877 747 quae
898 660 941 726 sd
958 651 1137 728 sublimi-r·
1277 723 1280 732 ,

96 761 197 822 tatem
222 753 348 840 imperii
374 751 463 818 fama
488 749 699 837 peruenerit·
771 747 814 814 70
839 753 955 817 notua
983 749 1102 816 etin·
1141 785 1148 794 ·
1261 793 1266 839 Ι.

95 849 228 933 tegrae
256 842 469 928 temptator
497 836 617 906 Orion
646 834 804 905 Dianae.
862 841 896 905 et
919 835 974 904 hic
996 836 1102 905 ‘test's

94 937 301 1001 estmearum
315 925 558 998 sententiarum'
571 927 689 1014 accipe.
725 924 947 995 Orionauiem
960 925 1101 996 Dianam
1218 925 1225 932 ’

93 1029 240 1111 stuprare
262 1042 335 1089 cum
351 1021 551 1106 temptasset,
573 1017 695 1106 sagitta
711 1017 780 1084 eins
798 1017 922 1086 occisus
940 1021 998 1086 est
1057 1018 1100 1086 '13

94 1113 239 1181 iniecta
259 1109 445 1179 monstris
467 1107 586 1176 Terre
608 1107 714 1177 dolet
736 1107 825 1176 suin
860 1107 968 1196 'derra
985 1107 1100 1197 inquit,
1112 1127 1147 1194 ro

94 1207 198 1269 mater
225 1202 313 1269 dolet
342 1199 425 1267 filios
461 1220 537 1266 snos
568 1195 725 1286 Gigantes
761 1219 796 1264 se
831 1198 996 1266 montibus
1032 1197 1098 1266 suis
1203 1241 1208 1250 ·

95 1311 247 1378 premere.
311 1290 353 1357 to
374 1309 451 1358 neo·
466 1287 619 1376 peredit
639 1286 852 1373 inpositam
874 1287 976 1356 celer
996 1287 1099 1378 ignis
1186 1299 1191 1306 ’

94 1380 251 1448 Aetnen.
311 1381 418 1447 Aetm
452 1399 547 1446 mons
582 1375 747 1445 Encelado
783 1377 1005 1464 superpositus
1040 1375 1099 1463 esi,
1197 1419 1204 1430 -

96 1491 191 1556 quem
212 1471 268 1556 ait,
288 1467 436 1556 quamuis
454 1467 672 1556 superardeat,
693 1487 760 1535 non
781 1469 892 1533 tamen
914 1465 1041 1534 absumi
1060 1467 1100 1534 ut
1151 1487 1157 1494 ·

93 1562 510 1736 isddlddrrddddqudddlddes
529 1554 1099 1715 wmicdddiddddlidpdiddddddsimdyid
1111 1573 1139 1618 1⁸

92 1742 199 1805 sutem
226 1737 358 1806 adortum
381 1740 432 1806 cst
451 1735 678 1824 Proserpinam
700 1737 754 1803 uel
775 1740 813 1803 ut
834 1735 902 1802 alii
924 1734 1017 1803 munt
1037 1733 1098 1802 La·

92 1830 217 1913 tonum3
239 1827 281 1897 ob
305 1826 391 1915 quod
413 1827 502 1894 iecur
523 1825 591 1894 eius
615 1847 742 1913 semper
753 1845 923 1893 renascens
937 1846 957 1892 a
970 1826 1098 1894 uulture

93 1917 299 1985 consumitur.
360 1915 402 1985 79
426 1920 634 1984 amatorem
656 1917 852 1983 trecentae
875 1913 1098 1982 Perithoum

91 2005 277 2074 cohibent
298 2009 465 2075 catenae.
502 2027 602 2094 aeque
625 2008 659 2073 et
680 2004 734 2072 hie
746 2003 972 2091 Proserpinam
986 2023 1138 2092 raperere

91 2096 275 2183 temptauit,
302 2097 344 2165 ob
368 2095 454 2184 quod
477 2095 594 2164 dicitur
616 2095 744 2163 uinctus
766 2115 836 2162 esse
858 2092 945 2182 apud
967 2093 1097 2162 inferos.
1243 2097 1261 2170 ’,
1292 2139 1295 2146 .

513 2289 587 2349 onu
605 2297 631 2365 a,
650 2298 676 2350 a.

177 2399 292 2472 Caelo
315 2406 514 2472 tonantem
537 2401 772 2470 credidimus
794 2399 820 2469 1.
842 2422 867 2468 r.
911 2400 1028 2488 famae,
1050 2399 1097 2468 iu·

89 2493 168 2578 quit,
190 2497 316 2560 tautum
335 2494 374 2560 de
396 2491 485 2562 Iouis
504 2491 727 2580 magnitudine
746 2491 952 2560 credidimus:
975 2495 1096 2579 quanto
1261 2511 1265 2518 ·
1287 2562 1291 2570 ,

90 2581 195 2670 magis
225 2582 264 2649 dc
293 2580 435 2672 Augusti
464 2581 657 2650 credendum
685 2584 749 2669 est,
777 2581 868 2649 cuiue
897 2581 1033 2649 uirtutes
1062 2584 1137 2648 etse
1230 2587 1233 2594 ⁴

88 2671 270 2758 potentiam
300 2694 411 2740 omnes
442 2694 510 2740 non
541 2671 702 2759 andimus,
738 2670 795 2738 sed
829 2671 985 2740 uidemus.
1073 2669 1095 2739 3
1243 2667 1247 2676 “

89 2760 252 2829 adiectis
273 2760 476 2831 Britannis
497 2762 659 2851 imperio
678 2760 940 2851 grauibusque
957 2759 1095 2829 Persis.
1196 2776 1201 2782 '

88 2871 146 2936 per
171 2850 231 2918 hes
258 2855 371 2940 gentes
401 2853 442 2920 ab
471 2852 587 2919 ultima
615 2851 791 2939 occidentis
813 2851 910 2940 plage
931 2849 1096 2938 usquead
1192 2865 1196 2870 ·
1248 2879 1251 2886 -
1295 2871 1297 2900 t

88 2938 275 3020 orientalem
297 2963 356 3031 per
377 2941 652 3012 continuationem
675 2939 856 3010 adiunxisse
878 2941 1013 3030 imperio
1028 2947 1094 3010 suo
1296 2961 1297 2984 u

37 3113 38 3116 Ἴ
87 3031 190 3099 terras
211 3033 398 3122 Angustum
420 3033 565 3122 intellegi
586 3034 666 3102 uult
732 3028 1168 3116 dmilesnecraesieo,
1263 2989 1297 3050 ,f

87 3121 250 3212 coniuge
279 3123 454 3191 barbara.
512 3145 586 3192 cum
615 3122 872 3211 magnitudinem
902 3143 1009 3190 rerum
1040 3142 1095 3228 ge:

88 3213 210 3279 starum
237 3210 378 3301 Augusti
404 3218 700 3299 commemorasset,
724 3211 914 3301 indignatur
939 3233 1008 3300 eos,
1039 3233 1095 3299 qus
1197 3269 1229 3282 ,.
1265 3193 1282 3254 ”-

86 3333 299 3352 ——nu-

158 3389 355 3460 opronanuno
374 3389 412 3446 M
486 3385 599 3478 esame
615 3404 666 3446 oea.
686 3387 743 3445 cod
761 3387 849 3444 Bere.
899 3394 964 3469 [ιο
981 3389 1095 3446 mnan

89 3454 1038 3588 ffmgptgffiaffbffmmpnmglnfflosscwss
1058 3527 1097 3586 u

87 3595 193 3654 eatenis
209 3598 361 3658 innodetur
379 3617 477 3671 esser
547 3607 582 3658 23
600 3601 738 3658 credimus
757 3599 797 3656 M
863 3607 898 3659 te
916 3617 1013 3660 omues
1029 3616 1094 3658 eor:

87 3676 196 3723 omnem
215 3668 254 3724 M
322 3675 356 3727 27
376 3673 471 3728 uerus
488 3670 621 3728 brittanos
640 3672 679 3729 M
714 3675 717 3680 “
