2708 3842
482 113 633 172 cronon
652 122 694 174 ie.
999 116 1121 209 ,171
1171 127 1174 136 ¹
1256 101 1257 110 '

83 280 203 347 montis
239 279 428 369 contingere
460 279 570 348 Pedes
604 283 727 368 potest,
762 281 881 349 nedum
917 281 1093 368 cacumine,
1127 317 1134 328 ·
1259 299 1263 365 ·,
1300 271 1302 281 ’

83 369 201 458 quippe
224 393 297 438 cum
319 369 427 477 Pedus
449 369 574 476 Gallice
596 371 648 458 sit,
669 369 813 476 Metinus
827 369 1003 478 Calabriae.
1034 393 1092 460 per
1216 385 1218 392 ’
1260 373 1263 380 ’

82 461 1124 640 12111113111111111111111..2111111·
1304 513 1322 578 '³

82 661 176 706 mons
207 663 266 728 per
296 640 434 708 mediam
466 640 595 708 Itulium
627 640 803 728 porrigitur
828 641 926 729 longe
954 664 975 709 c
1000 641 1117 708 meris

81 729 139 796 sed
174 730 341 820 eleganter
373 730 466 797 dixit·
489 731 530 797 in
565 751 666 796 mere
698 731 939 816 procurrerit
973 730 1007 797 id
1041 735 1091 797 est
1224 754 1233 764 ·
1321 729 1322 752 ¹

81 821 419 905 promunturiumliet
467 821 509 888 31
529 819 648 889 mirus
666 842 770 887 emor
786 821 895 888 iuuet
911 819 1089 908 uttigres
1311 890 1314 912 Ι

81 909 280 978 subsidere
308 911 444 979 cercis.
491 909 562 996 ipse
591 931 631 976 ex
653 909 806 978 subiectis
829 909 972 978 ostendit
993 932 1089 997 quem
1218 961 1222 967 -
1311 934 1315 1003 ξ

80 998 190 1066 mirus.
298 1001 342 1068 32
383 1000 625 1068 adulteretur
669 1004 708 1068 ct
746 1000 924 1068 columbe
962 999 1088 1068 miluc.
1287 1006 1317 1093 Ἰζ

81 1088 219 1157 iucunde
242 1090 500 1176 adulteretur,
521 1091 598 1177 quie
619 1089 737 1158 dicitur
758 1091 908 1159 columbe
929 1091 1011 1158 nulli
1033 1089 1088 1157 alii
1103 1105 1129 1146 ¹⁰
1313 1118 1317 1156 l

79 1179 300 1266 succumbere,
328 1202 424 1267 quem
446 1179 498 1246 cui
520 1201 555 1246 se
577 1180 676 1246 semel
699 1179 817 1265 iunxit,
845 1180 909 1248 nisi
935 1180 1020 1247 lorte
1047 1180 1106 1268 ed*
1197 1213 1204 1224 ·
1231 1186 1235 1192 “
1276 1182 1319 1265 ’ῖῆ

78 1265 112 1332 id
126 1267 261 1354 rettulit,
283 1268 369 1355 quod
383 1269 545 1335 diuersum
559 1267 678 1334 uuimcl
693 1268 736 1334 sit
748 1268 866 1335 miluus
880 1291 918 1335 ec
931 1267 1088 1336 columbe.
1204 1317 1208 1324 .
1243 1286 1271 1345 ᾖ
1316 1276 1320 1332 ἱ

132 1357 176 1423 33
190 1357 346 1424 credule
358 1379 427 1424 nec
445 1357 571 1424 fleuos
585 1356 750 1423 timeunt
762 1362 936 1425 armento
948 1358 1088 1425 leones.
1261 1407 1266 1414 .
1296 1425 1298 1436 1

78 1465 148 1512 non
174 1444 269 1533 ‘quoe
296 1468 422 1534 semper
449 1445 579 1513 credule
605 1443 695 1512 sunt’
723 1445 779 1512 sed
806 1445 854 1513 ‘in
875 1445 937 1514 boc
959 1446 1088 1514 credule
1228 1508 1234 1518 ,
1296 1456 1298 1464 ’

78 1533 167 1600 secte
201 1539 239 1602 ut
270 1557 305 1602 se
335 1536 482 1604 leonibus
518 1533 743 1603 committunt'.
832 1537 876 1604 34
898 1539 1086 1624 temetque
1101 1547 1127 1593 ¹⁸
1245 1567 1250 1578 ·

79 1623 183 1690 sulse
204 1623 304 1691 leuis
326 1625 456 1692 hircus
479 1645 654 1711 aequore„
703 1623 820 1711 duplex
843 1625 1029 1710 diuersitas,
1050 1629 1087 1692 ut

78 1715 112 1777 et
134 1715 221 1778 emet
243 1734 384 1800 aequore
410 1712 520 1780 hircus
540 1713 574 1778 id
596 1715 648 1780 est
669 1716 707 1779 ut
728 1713 762 1778 in
785 1714 867 1780 meri
889 1717 1033 1780 moretur
1054 1718 1088 1779 et
1201 1755 1204 1760 -
1247 1725 1252 1736 ·
1276 1717 1306 1792 ζ’,

77 1803 116 1866 ut
136 1801 218 1868 leuis
240 1802 314 1888 fiet,
336 1823 410 1870 cum
432 1801 577 1888 alioquin
600 1803 726 1868 setosus
748 1802 800 1868 sit
868 1802 912 1869 35
934 1802 1027 1868 boec
1050 1795 1108 1868 et‘
1178 1883 1181 1888 ¹
1278 1827 1280 1870 ;

78 1911 173 1975 quae
191 1896 377 1977 poterunt
396 1891 545 1958 reditus
563 1889 789 1958 abscindere
809 1889 941 1958 dulces
959 1911 1085 1958 eemus
1159 1933 1168 1945 -
1204 1969 1208 1976 ι

77 1979 200 2046 omnis
231 1985 430 2048 exsecrete
461 1979 611 2047 ciuitas.
669 1979 763 2046 ordo:
791 1977 883 2046 ‘boec
910 1979 1126 2047 exsecrete’w
1227 2041 1234 2048 .

76 2090 150 2153 pro:
172 2069 235 2136 bec
248 2069 451 2136 execratione
467 2068 501 2134 id
524 2073 575 2136 est
595 2067 803 2135 iureiurando
817 2068 1019 2156 interposito.
1051 2075 1085 2136 et

77 2161 129 2222 est
163 2159 302 2246 figurate
338 2157 476 2225 elocutio
514 2155 636 2224 ‘cemus
672 2155 800 2224 ciuitus’
836 2163 873 2224 ut
911 2157 1005 2224 Pers
1046 2158 1084 2224 in

76 2245 202 2312 truste
224 2249 366 2312 secant
420 2245 551 2313 dulces
574 2251 682 2312 eutem
709 2245 858 2313 reditus
880 2267 950 2314 non
971 2246 1011 2314 de
1032 2247 1084 2313 bis
1306 2287 1312 2318 ι

74 2333 154 2400 dicit
180 2331 316 2422 (quippe
340 2339 469 2402 tentum
496 2334 673 2403 abhorrent
694 2332 779 2425 eos),
806 2334 863 2401 sed
886 2335 942 2422 qui
964 2335 1084 2424 alioqui
1198 2351 1200 2356 ’
1310 2361 1322 2370 ·’

76 2421 185 2489 dulcor
208 2423 316 2489 solent
337 2445 415 2490 esse.
500 2424 543 2490 37
567 2426 633 2490 eut
654 2444 743 2510 pers
766 2423 928 2492 indocili
949 2424 1124 2491 melior&

75 2530 191 2596 grege
222 2511 352 2577 mollis
384 2515 423 2577 et
453 2532 589 2597 exspes
619 2512 836 2578 inominata
870 2513 1084 2597 perprimut
1148 2529 1154 2536 ·

73 2597 234 2664 cubilia:
266 2603 325 2666 eut
351 2598 457 2668 omnis
485 2598 599 2666 ciuitas
626 2621 752 2686 cemus,
778 2599 898 2687 inquit,
923 2604 983 2667 eut
1007 2622 1082 2688 pers
1214 2635 1225 2666 ·,
1260 2627 1264 2637 ·

73 2687 178 2754 meior
207 2692 386 2774 remancat,
417 2709 500 2776 quae
527 2689 633 2757 mollis
660 2689 761 2756 enimi
787 2711 826 2757 cc
853 2687 922 2756 sine
950 2710 1006 2776 spe
1033 2693 1084 2756 est

73 2796 250 2864 expersque
278 2777 419 2846 uirtutis.
471 2777 538 2844 iere
561 2781 669 2845 eutem
691 2777 914 2864 imperitorum
937 2800 976 2846 ec
997 2778 1082 2846 dete·

144 2974 180 3024 28
197 2969 281 3042 Uerg.
298 2970 368 3028 Aen.
388 2979 413 3041 1,
430 2975 483 3028 212

143 3131 360 3188 umetrnuelll
428 3132 650 3188 ccuxreerndl
720 3133 915 3262 tpornffidd
984 3139 1081 3205 epro-

71 3204 166 3260 curret
185 3202 223 3258 M
284 3202 398 3260 'trubet
415 3203 446 3260 ut
462 3203 557 3275 tygres
576 3203 616 3260 M
675 3211 806 3276 tmyrus
925 3212 957 3262 11
973 3220 1082 3263 occum-

72 3271 431 3343 hemmerannum
484 3291 542 3331 cmc
560 3275 683 3346 cumbi¹
736 3282 769 3333 18
782 3291 835 3334 uec
848 3277 949 3334 denote
967 3291 1081 3332 nereus
1117 3333 1121 3338 .

73 3341 112 3399 M
181 3344 335 3418 lcbyrcus
353 3343 516 3415 equoreM
576 3351 609 3402 1⁷
628 3361 662 3403 ue
682 3363 753 3405 uere
768 3346 930 3419 emmer
989 3349 1080 3404 ctutr

71 3431 127 3486 quo
146 3415 186 3472 Μ
274 3421 307 3475 19
325 3414 470 3474 ebrordere
489 3458 496 3474 .
516 3457 523 3474 .
546 3364 700 3476 omnesdl
787 3425 821 3476 11
840 3417 1082 3492 protectorer

71 3487 153 3545 Aen:
169 3489 287 3570 propter
305 3489 344 3546 M
439 3493 474 3544 11
492 3488 598 3562 quippe
615 3491 727 3548 tuntum
745 3507 810 3548 nor:
827 3492 1000 3564 qmppecsnt
1017 3505 1081 3548 cum

73 3557 117 3624 M,
139 3574 244 3628 qnippe
266 3575 330 3615 cum
354 3557 524 3617 ebborreent
546 3578 565 3631 ς
588 3561 653 3630 fort.
675 3561 777 3620 rectius
870 3569 905 3622 21
928 3579 1026 3635 erpere
1045 3599 1079 3620 ..

70 3630 232 3699 perpremat
247 3629 312 3698 (ric)
330 3628 371 3686 Μ
434 3635 473 3703 ,11
491 3633 608 3704 utpute
628 3632 666 3689 Μ
