2708 3842
260 153 325 219 212
499 125 501 130 ’
559 131 563 138 ’
582 152 744 222 82111101,
762 157 938 222 aer—120.

260 317 363 404 nigris
384 316 417 382 id
440 319 491 381 est
503 313 654 402 malignis
668 313 805 380 infestus
819 335 862 380 es.
902 309 957 379 ’91
975 314 1050 400 [ego
1064 311 1120 378 siri
1134 315 1267 396 propter

259 404 354 472 lenia
407 401 607 490 quorundam
634 401 715 469 uitia
741 401 853 484 rideo]
913 421 984 488 ego
1011 401 1044 467 si
1069 401 1140 466 risi
1167 397 1266 485 quod

259 493 414 579 ineptus
443 491 634 578 pastillos
669 491 841 559 Rufillus
866 491 969 568 olet:
1006 511 1067 645 ego
1103 489 1131 556 ei
1163 487 1264 572 [risis]
1346 561 1347 574 χ

234 585 392 757 dtttt
403 581 647 738 1ῗὲἒέθωῖ
643 579 1029 756 tttltdttlt
1046 578 1265 754 bilibit}

260 758 379 826 furtis
400 759 546 826 iniecta
567 757 701 825 Petilli
724 758 905 846 etreliqua.
937 763 979 842 tu,
1001 757 1116 844 inquit,
1139 755 1166 824 si
1180 755 1265 822 forte

260 847 381 916 mentio
404 848 443 915 de
457 845 631 934 Capitolini
654 847 840 915 criminibus
862 847 950 914 faeta
962 845 1068 930 fuerit,
1091 845 1267 912 seeundum

260 935 525 1006 consuetudinem
547 936 760 1024 malignitatis
782 941 857 1004 tuae
880 936 926 1003 ita
948 959 1022 1004 eum
1047 934 1268 1021 detondeant
1346 1001 1347 1006 ,

260 1027 348 1094 dieas
374 1049 395 1092 a
424 1048 524 1113 puero
552 1025 613 1091 tibi
639 1026 778 1092 amioum
804 1025 905 1092 luisse
931 1029 1051 1112 tueque
1074 1047 1171 1092 eausa
1193 1046 1267 1091 eum

221 1116 363 1183 ¹⁰multa
387 1115 503 1184 ledaea
529 1117 563 1182 et
589 1114 728 1204 gaudere
755 1119 802 1200 te,
829 1115 916 1202 quod
938 1113 1109 1182 incolumis
1130 1114 1166 1181 in
1188 1113 1267 1180 urbe

260 1205 364 1291 uiuat3
395 1204 505 1272 mirari
531 1207 655 1291 umen,
686 1226 750 1291 quo
777 1203 873 1272 modo
900 1203 1053 1270 iudicium
1081 1203 1160 1270 illud
1189 1203 1267 1268 effu·

261 1294 352 1383 gerit
401 1293 455 1361 hie
484 1313 563 1382 ergo
585 1297 636 1360 est
656 1292 741 1360 liuor
762 1314 800 1360 ao
823 1294 973 1366 uoluntas
995 1296 1157 1359 uenenata
1179 1291 1267 1358 darn·

260 1405 340 1452 nare
363 1383 524 1451 sententia
538 1405 605 1469 sua,
627 1385 723 1469 que’m
737 1381 857 1451 iudices
871 1382 1089 1450 absoluerunt.
1120 1380 1267 1449 Petilliua

262 1476 370 1540 autem
384 1469 585 1560 Capitolinus
608 1493 681 1539 oum
695 1469 834 1560 Capitoli
857 1493 967 1538 euram
986 1475 1106 1627 ageret,
1128 1491 1267 1538 coronae

221 1576 249 1619 ¹⁸
261 1561 433 1648 subreptae
464 1560 504 1629 de
532 1558 693 1647 Capitolio
725 1583 855 1629 oausam
882 1559 963 1628 dixit
989 1583 1009 1628 a
1031 1561 1219 1647 solutusque
1248 1581 1269 1626 a

116 1684 120 1700 .
261 1649 397 1720 Caesare
424 1656 483 1717 est
574 1649 730 1718 loonio
761 1651 896 1738 nigrae
928 1671 1040 1718 suoue
1072 1649 1347 1737 lolliginis-'

260 1739 356 1809 baso
382 1744 441 1808 eet
466 1761 609 1828 aerugo
636 1761 747 1808 mera.
791 1762 831 1807 ex
852 1739 1007 1829 lolligiuie
1030 1761 1107 1807 aueo
1130 1739 1266 1808 liuorem

261 1831 378 1898 mentis
409 1829 481 1897 uult
511 1829 669 1918 intellegi,
701 1851 740 1896 ex
767 1829 918 1920 aerugine
945 1851 1115 1896 uenenum.
1165 1830 1268 1896 malos

263 1923 374 1986 autem
394 1919 542 1987 homines
565 1923 654 1986 atros
676 1941 714 1986 ao
736 1925 912 1986 uenenatoe
934 1918 1039 1986 dioere
1062 1919 1211 1985 solemus.

220 2023 250 2066 ὀ
265 2009 329 2077 105
350 2007 523 2075 insuauit
545 2012 656 2094 pater
678 2008 847 2096 optimus
865 2007 936 2076 boe
954 2027 1009 2074 me
1028 2010 1070 2074 ut
1086 2006 1268 2095 fugerem.

261 2101 354 2185 peter
375 2117 476 2181 mens,
496 2097 616 2183 inquit,
642 2117 713 2162 eam
736 2097 815 2163 mihi
838 2097 1039 2184 disciplinam
1062 2095 1150 2162 dedit
1172 2100 1268 2182 atque

166 2269 167 2276 ἵ
261 2187 297 2254 in
327 2185 591 2254 consuetudinem
623 2207 694 2252 eam
725 2184 864 2270 induxit,
895 2191 1062 2289 utusque
1092 2185 1268 2274 eogitarem

263 2273 340 2429 puid
361 2275 503 2362 maligne
524 2295 628 2361 neque
651 2274 797 2342 dicerem.
841 2273 956 2342 deinde
979 2296 1062 2340 mare
1083 2274 1268 2342 urbanitate

286 2386 340 2430 um
353 2363 504 2449 ostendit,
521 2385 586 2449 quo
600 2363 696 2431 modo
709 2367 802 2450 pater
819 2385 896 2430 suus
911 2385 1041 2430 monere
1055 2363 1170 2431 solitus
1184 2366 1270 2429 esset

201 2523 203 2528 ,
225 2473 254 2517 ι
266 2451 348 2520 uitia
363 2451 487 2540 sugere,
507 2453 627 2520 mulus
639 2451 803 2540 probrosis
820 2453 899 2521 iocis
912 2451 1060 2540 pereutit.
1116 2453 1178 2520 107
1192 2472 1270 2519 aum

259 2563 313 2611 ore
333 2541 550 2610 hortaretur
567 2592 597 2610 ..
619 2543 711 2610 ordo:
734 2565 807 2610 oum
830 2565 882 2611 me
895 2543 1090 2630 hortaretur,
1113 2543 1161 2610 uti
1174 2563 1270 2630 pares

173 2675 174 2680 κ
260 2632 656 2722 frugaliterqueniuerem.
716 2634 780 2701 115
799 2633 954 2721 sapiens
975 2633 1104 2701 uitatu
1127 2633 1269 2721 quidne

229 2751 242 2768 ⁴
260 2723 387 2812 petitu
410 2723 464 2791 ait
485 2723 621 2791 melius
643 2745 778 2791 causas
797 2722 933 2791 reddet
949 2723 1037 2791 tibia
1055 2722 1269 2811 philosophus

263 2813 326 2881 tibi
345 2813 505 2880 rationem
525 2812 647 2900 reddet,
668 2833 767 2901 qnare
787 2813 864 2903 quid
882 2813 949 2902 peti
967 2813 1084 2880 debeat
1095 2816 1153 2880 aut
1165 2812 1270 2880 uitari.
1340 2803 1346 2820 '

224 2901 347 2971 etmihi
372 2901 452 2969 eatis
479 2907 542 2988 eet,
568 2903 596 2969 si
623 2902 790 2989 opiniones
812 2923 834 2968 a
854 2903 1029 2971 maioribus
1051 2902 1188 2970 traditas
1210 2901 1270 2969 tibi

265 2995 419 3060 monstro.
510 2990 574 3058 120
594 2991 705 3059 nubis
728 2991 810 3059 sine
833 2991 977 3060 eortiee
1000 2991 1033 3059 id
1055 2996 1119 3060 est:
1141 2991 1269 3059 natabis
1334 3031 1347 3066 a

265 3103 324 3168 per
344 3084 378 3148 te
400 3081 469 3150 sine
491 3079 697 3168 adminiculo,
719 3085 753 3148 et
774 3081 836 3149 boe
858 3082 1047 3170 allegor-ioue
1070 3081 1195 3149 dieitur.

338 3309 536 3370 intentu
626 3311 929 3370 trrtolioaooustitui
1021 3311 1271 3384 nn..pastrllus

228 3409 232 3416 ·
267 3380 443 3439 rainllnrM
511 3383 749 3456 tmnrrarng
823 3383 1065 3458 toaprtnlrnaM
1138 3383 1271 3440 ttnud·

265 3452 342 3510 didi.-
358 3453 381 3510 ai
399 3452 529 3526 inquitg
596 3459 616 3513 ³1
639 3455 799 3529 capitolinas
818 3455 857 3512 M
927 3462 959 3514 11
977 3455 1111 3513 ruffinum
1129 3454 1167 3512 Μ
1238 3460 1271 3512 12

266 3523 340 3583 labor
357 3526 397 3582 Μ
456 3531 490 3583 18
503 3530 570 3585 rma
634 3534 668 3586 lt
685 3527 854 3601 capitolinus
871 3533 898 3585 et
913 3527 1097 3602 capituliolu
1114 3528 1146 3584 iu
1159 3544 1176 3585 o
1190 3528 1271 3598 σοιν.)

267 3596 320 3674 Μι
376 3597 603 3670 nuberent!
678 3601 896 3673 ttengaueM
969 3599 1203 3658 toobtimurll

267 3669 501 3740 timuerent!
567 3671 808 3743 qurdtnqurdne
824 3671 984 3744 phatuel!
1051 3677 1085 3727 tl
1105 3669 1240 3727 nonulli
