2708 3842
291 24 354 92 186
619 20 742 81 SERMO
760 23 782 94 Ι,
802 29 826 93 1,
844 29 958 81 le—ee.

286 185 463 273 uoluptatis
496 185 558 252 erit
585 185 622 252 in
649 184 787 270 pecunie
817 183 992 271 adquisitu,
1028 183 1056 250 si
1086 204 1154 250 non
1184 184 1296 268 inpen-

286 275 391 361 datur,
412 293 485 342 cum
507 293 586 341 usus
607 273 676 340 eius
698 273 740 340 ed
761 294 822 341 nes
843 272 1017 359 pertinent,
1043 271 1210 339 recondite
1224 291 1296 358 per·

285 362 362 431 inde
384 363 428 430 sit
449 384 487 430 ee
509 362 537 430 si
559 384 627 431 nen
648 361 815 429 hebeetur.
881 362 925 429 46
962 363 1006 428 ut
1032 360 1066 428 si
1087 360 1295 428 reticulum

288 451 401 538 penis
422 451 584 518 uenalis„
651 472 766 519 sensus
788 455 850 517 eet:
877 471 973 537 quem
996 449 1038 516 ed
1056 448 1188 516 modum
1210 449 1296 515 inter

260 540 421 608 ruensles
442 561 524 628 puer
543 538 582 627 ie,
604 539 660 627 qui
682 561 783 628 penes
804 539 957 628 portebit
979 558 1048 606 non
1068 537 1143 624 plus
1160 536 1297 692 accipiet

287 651 336 715 ee,
358 629 413 715 qui
435 649 558 696 naeuus
580 628 767 714 ambulabit,
789 627 938 695 similiter
955 628 1103 714 quemuis
1116 627 1190 714 plus
1203 628 1236 693 le
1258 646 1294 693 ο-

285 717 410 784 rauerir
431 717 468 782 in
481 716 690 804 adquirendo,
711 716 817 783 suetus
839 737 913 782 eum
935 715 980 782 sis
1002 715 1205 802 pecuniosus,
1226 735 1295 782 non

284 806 359 892 plus
381 808 496 872 uenter
516 809 593 871 trus
613 804 748 892 recipiet
769 826 867 890 quem
888 805 958 870 eius
979 803 1036 890 qui
1049 803 1200 890 exiguum
1221 825 1296 889 pos·

285 893 377 960 sidet
444 892 488 959 49
519 892 625 960 intre
654 898 819 959 naturae
847 891 944 959 finis
973 891 1125 975 uiuenti
1147 890 1209 957 hoe
1231 894 1295 956 este

247 979 414 1068 mlegibue
434 983 571 1047 naturae
593 979 755 1047 seruienti.
799 1000 914 1046 sensus
935 982 986 1045 eet
999 983 1120 1046 eutem:
1142 998 1216 1045 enm
1238 998 1296 1043 nu-

285 1072 378 1134 tmue
406 1067 496 1154 leges
517 1089 614 1134 nemo
644 1069 749 1154 possit
778 1067 930 1134 excedere
959 1066 1144 1132 diuitiarum
1171 1065 1296 1152 mugni-

284 1153 411 1240 mdine,
446 1154 524 1240 quid
548 1155 682 1242 prodest
707 1156 773 1222 lete
795 1175 911 1240 cupere
933 1153 1120 1239 possidere?
1186 1151 1228 1218 51
1253 1155 1294 1216 et

200 1325 206 1335 Ι
285 1261 403 1310 suune
439 1245 499 1310 est
532 1264 576 1309 ex
611 1264 748 1332 magne
784 1242 925 1310 tollere
960 1261 1106 1309 neeruo.
1163 1259 1295 1326 respon·

284 1330 415 1398 dentem
436 1331 517 1397 feeit
533 1351 678 1416 numum,
699 1334 756 1398 rut
772 1331 842 1418 ipse
859 1332 956 1416 poete
972 1351 1031 1416 per
1047 1322 1297 1413 ἄνθυποφορᾶν

96 1465 101 1477 ·
245 1418 349 1506 rehoe
370 1418 458 1486 dicit
537 1419 581 1486 62
608 1419 694 1486 dum
720 1441 763 1486 ex
789 1441 910 1506 perne
932 1417 1045 1485 nobis
1067 1417 1295 1484 tantundem

284 1505 441 1574 haurire
472 1506 678 1594 relinques„
735 1509 833 1594 poete
854 1527 954 1573 nuere
976 1505 1152 1592 respondet
1185 1504 1295 1573 dicens

220 1613 227 1630 ¹
284 1594 367 1662 nihil
388 1595 544 1663 interesse
566 1618 607 1663 ex
627 1617 748 1684 magne
771 1619 814 1662 un
836 1618 877 1663 ex
898 1617 1001 1682 petuo
1024 1615 1139 1662 ueeruo
1153 1593 1297 1681 hauries,

285 1704 359 1750 eum
387 1684 536 1751 satiando
566 1686 675 1752 uentri
704 1687 817 1752 nostre
844 1705 915 1751 nen
941 1682 1079 1749 multum
1101 1703 1140 1748 ue
1161 1686 1293 1749 tantun·

285 1772 360 1838 dem
381 1793 508 1858 semper
528 1794 610 1858 opus
632 1773 684 1840 sit
751 1773 796 1840 54
830 1775 874 1838 ut
898 1771 974 1838 tibi
1001 1769 1033 1837 ei
1056 1771 1109 1838 sit
1131 1791 1225 1857 opue
1248 1771 1294 1837 li·

131 1875 136 1890 ·
246 1859 393 1946 mquidi
437 1881 514 1928 non
545 1861 711 1948 emplius
732 1882 838 1927 utne
882 1859 1024 1946 liquidi
1046 1859 1208 1944 absolute
1231 1859 1295 1927 hoe

285 1953 345 2036 est,
365 1969 477 2035 equae
521 1953 556 2015 et
583 1953 634 2016 est
659 1970 775 2016 sensus
803 1947 1012 2016 suauissimus
1044 1948 1295 2034 eomputationis.
1347 1949 1351 1957 “

286 2037 333 2103 eit
363 2037 450 2104 enirn
480 2035 528 2103 ite
558 2038 693 2105 stultum
723 2059 793 2106 esse
829 2058 868 2105 ex
898 2037 1027 2125 magnis
1058 2036 1167 2124 petius
1199 2036 1295 2104 melle

286 2147 384 2211 quem
406 2147 446 2192 ex
468 2127 577 2211 pernis
599 2127 722 2194 diuitiis
745 2147 870 2195 sumere
892 2126 978 2192 unde
1000 2129 1148 2198 uentrem
1161 2125 1295 2212 inplens,

186 2231 193 2243 ·
268 2235 324 2304 ,ιο
345 2213 374 2280 si
395 2235 470 2281 eum
491 2214 650 2283 desideres
671 2237 788 2283 murm
810 2234 913 2302 equae
934 2214 988 2281 uel
1013 2214 1152 2301 emplius
1174 2213 1296 2282 minue·

96 2341 102 2350 -
248 2323 328 2370 reue
349 2303 444 2368 melis
467 2323 538 2369 eem
560 2325 600 2370 ex
620 2325 742 2394 magno
764 2303 897 2371 flumine
921 2302 1050 2370 haurire
1073 2324 1171 2390 quem
1195 2299 1293 2392 [eum]

285 2412 325 2457 ex
345 2390 514 2458 fonticulo.
579 2393 623 2460 56
652 2415 696 2461 ee
725 2392 777 2461 iit
803 2391 958 2480 plenior
985 2397 1028 2458 ut
1058 2391 1208 2478 siquos
1231 2391 1295 2460 de·

172 2519 181 2536 ·
284 2479 404 2545 leetet
435 2479 550 2566 eopia
580 2480 694 2549 iusto.
739 2503 797 2568 per
832 2479 1021 2568 allegoriam
1048 2479 1294 2568 diligentissime

284 2567 346 2634 hee
367 2566 491 2633 dietum
512 2567 620 2634 estin
641 2589 710 2653 eos,
736 2570 792 2655 qui
814 2589 950 2656 magnes
977 2568 1107 2636 diuitias
1129 2569 1295 2655 adpetunt,

285 2675 358 2721 eum
379 2675 501 2742 pur-une
523 2655 588 2724 illis
609 2657 652 2723 ed
673 2656 776 2724 uitem
807 2658 962 2724 tuendum
985 2657 1113 2744 possint
1134 2657 1295 2743 sufficere3

149 2811 152 2818 ,
246 2744 474 2829 »plerumque
494 2743 599 2830 ipsum
621 2743 810 2832 edquirendi
837 2747 1046 2833 cupiditatem
1072 2746 1137 2814 illis
1164 2767 1295 2814 musam

100 2836 104 2849 '
286 2831 375 2898 exitii
396 2851 475 2898 esse.
518 2831 684 2900 Aufidus
706 2837 816 2900 eutem
837 2833 955 2902 amnis
973 2838 1024 2902 est
1044 2835 1079 2902 in
1101 2835 1222 2923 Apulis
1243 2858 1294 2904 m·

285 2919 471 3006 pidiesimus
505 2920 640 3010 ideoque
675 2943 750 2990 eeer
783 2942 871 2990 nune
893 2923 1007 2991 dietus
1074 2923 1117 2992 59
1155 2927 1195 2992 et
1230 2923 1294 3012 qui

286 3009 440 3078 tantulo
470 3015 559 3100 eget
586 3018 734 3099 quanto
765 3016 826 3081 est
856 3035 953 3102 opus
981 3013 1015 3081 is
1046 3035 1170 3101 neque
1198 3013 1293 3082 limo

217 3172 225 3184 ‚
286 3097 480 3167 turbatum
514 3101 646 3168 haurit
680 3123 824 3189 equum.
863 3107 1050 3192 perseueret
1070 3103 1106 3171 in
1128 3103 1293 3193 allegoria„

358 3241 706 3326 emmenum
793 3245 996 3304 lnenehell
1084 3244 1294 3318 tpueresui

286 3313 592 3398 uelpuererisqme
667 3315 916 3376 subdentes
998 3263 1297 3389 romunlegnqr!

359 3389 393 3441 ιο
409 3383 612 3456 emirehnqw
630 3384 669 3441 Μ
755 3386 900 3457 reependrt
926 3384 966 3441 u
1051 3393 1084 3443 21
1113 3385 1295 3444 emniuimm

288 3453 574 3584 {summme
591 3456 631 3513 Π
646 3457 732 3528 (mee)
750 3473 778 3554 ς,
847 3461 881 3512 2⁸
907 3455 1016 3528 inplent
1033 3457 1072 3514 Π
1150 3464 1185 3517 2⁶
1202 3459 1227 3516 4
1244 3459 1294 3517 efit

101 3789 1238 3830 W
