2644 3844
373 101 604 180 eneconem
625 110 648 174 ι,
666 105 799 162 ee-roc.
1032 109 1098 175 317

87 275 191 362 muni,
226 279 264 342 ut
285 273 430 343 odissent
459 295 564 342 nouos
586 279 714 361 poetes,
750 273 805 363 qui
826 278 947 356 esseut,
983 274 1099 363 inquit,
1206 283 1210 290 '
1294 259 1295 282 ¹

86 362 184 430 hodie
206 371 339 444 ueteres,
362 368 420 430 eut
441 363 519 451 quid
541 363 584 430 ed
605 368 719 430 nostre
738 369 886 450 tempore
905 367 1098 450 perueniret,
1163 387 1167 396 ·
1261 410 1263 418 ι
1294 367 1295 394 l

87 451 175 538 quod
205 452 312 540 legere
345 473 456 518 omnes
484 451 574 517 etin
596 451 746 519 menibus
768 452 887 519 hebere
908 451 1098 538 possemus?

176 540 219 607 93
259 545 303 607 ut
341 540 506 626 primum
545 540 698 625 positis.
742 540 796 608 hic
822 541 976 627 ostendit,
1011 539 1098 628 qnod

85 627 187 695 fuerit
206 629 336 694 initium
358 629 503 714 poeticae
529 627 752 714 professionis,
786 633 824 695 nt
847 629 976 715 probet,
1012 629 1125 716 quod³

86 737 174 784 nunc
196 717 414 785 inueterstum
437 721 500 804 est,
532 716 705 804 aliquunde
736 719 889 804 coepisse.
954 717 999 784 93
1029 739 1097 784 nu·

87 806 185 892 geri:
207 805 332 891 ludere,
356 807 550 893 [enumeret]
575 807 727 891 scribere,
750 808 826 893 quuiu
848 805 934 872 bellu
950 826 1016 871 non
1037 827 1096 872 nu·

85 913 147 978 goe
170 897 256 959 sunt
300 894 344 960 94
376 894 481 961 etin
512 893 651 960 uitium
673 893 695 960 t.
717 895 737 960 1.
760 895 839 962 dicit
859 895 895 961 ir
916 893 1032 960 uitium
1049 893 1097 960 is·

39 997 43 1006 ·
86 981 208 1047 cililcte
230 1001 403 1068 prosperae
424 981 574 1048 fortunus
597 981 660 1048 isse
683 980 822 1068 delicies,
844 983 880 1048 in
902 1005 982 1068 ques
1004 983 1096 1066 lupen

86 1068 130 1134 sit
161 1067 308 1155 Graecia,
347 1074 521 1157 postquam
555 1069 642 1136 bellc
672 1069 829 1156 deposuit
913 1070 957 1137 95
996 1089 1096 1135 nunc
1110 1085 1138 1124 10
1166 1131 1170 1138 ,
1294 1113 1295 1122 1

86 1156 333 1224 athletarum.
378 1161 560 1246 enumeret,
591 1180 670 1244 ques
698 1163 784 1225 ortes
803 1155 938 1226 Graecis
959 1181 1018 1244 per
1039 1174 1096 1242 ps-

85 1265 154 1310 cem
176 1245 324 1312 etotium
348 1244 391 1311 sit
412 1249 531 1317 secute.
598 1246 641 1312 99
673 1246 744 1313 sub
771 1248 923 1314 nutrice
955 1245 1096 1332 puelle.
1147 1293 1183 1330 ,-

84 1329 133 1398 itc
155 1331 290 1400 Graecis
312 1331 426 1419 cupide
449 1333 573 1420 adpetit
599 1335 719 1422 studia,
750 1335 844 1402 celeri
871 1335 1019 1401 satietate
1043 1334 1096 1399 de·

86 1421 200 1506 seruit,
231 1427 268 1488 ut
290 1423 318 1488 si
339 1423 449 1508 puelle
470 1422 580 1489 infans
602 1427 688 1490 esset
710 1427 743 1489 et
765 1423 825 1489 rub
848 1423 972 1490 nutrice
994 1442 1095 1508 egens

85 1507 182 1574 etium
214 1508 347 1576 luderet
431 1510 495 1577 100
529 1512 659 1596 pleno:
696 1511 822 1578 euticie
905 1511 966 1578 101
1005 1509 1138 1596 quide
1177 1573 1182 1580 .

82 1597 213 1682 plccet
240 1602 306 1664 eut
332 1598 429 1666 odio.
474 1599 636 1666 sententie
657 1605 719 1686 est,
741 1622 807 1688 qus
828 1599 970 1689 ostendit
991 1597 1094 1665 Hora·

82 1685 148 1750 tius
179 1685 260 1752 nihil
289 1706 350 1753 nos
382 1707 499 1772 cupere
525 1689 578 1754 uel
609 1687 729 1774 odisse,
764 1687 851 1774 quod
881 1708 949 1754 nou
985 1689 1125 1753 secuta·

83 1773 232 1840 sctietete
254 1779 425 1841 mutemus.
494 1776 558 1843 102
588 1775 660 1842 hoc
682 1775 989 1862 pcceshebuere.
1031 1773 1095 1839 hoc

82 1859 206 1949 hebuit,
228 1862 343 1950 inquit,
365 1863 455 1951 pacis
478 1865 590 1950 otium,
612 1868 650 1931 ut
671 1864 807 1932 diuersis
830 1861 1094 1930 delectationibus

83 1951 184 2017 enimi
205 1951 375 2019 hominum
397 1957 614 2040 pascerentur.
658 1958 774 2022 uentos
806 1955 914 2020 cutem
937 1950 1094 2019 secundos
1108 1965 1139 2006 ω

82 2038 249 2108 fortunam
271 2062 460 2129 prosperum
483 2041 568 2110 dicit
639 2043 702 2110 103
725 2042 865 2110 Romae
888 2041 999 2109 dulce
1021 2039 1093 2106 diu.

80 2147 103 2192 c
126 2125 323 2196 Graecorum
343 2131 488 2198 moribus
510 2132 630 2198 transit
652 2133 692 2198 ud
715 2130 981 2198 consuetudinem
1006 2133 1092 2195 nete

81 2237 154 2282 rum
176 2215 400 2284 Romanorum
422 2222 456 2284 et
477 2219 568 2304 dicit,
600 2240 695 2306 quem
718 2220 760 2286 ed
782 2219 913 2286 modum
935 2217 1092 2285 maiorum
1218 2239 1246 2296 ,·

82 2325 103 2368 c
123 2304 263 2388 posteris
295 2307 493 2372 consuetudo
526 2303 652 2373 mutate
683 2308 727 2373 sit
758 2307 793 2373 in
823 2327 918 2372 usum
948 2305 1092 2391 poeticae

30 2429 33 2436 ‚
81 2389 279 2478 disciplinae.
335 2393 399 2462 103
423 2394 622 2480 sollemne,
645 2395 722 2482 quie
743 2395 923 2483 legitimum
946 2415 983 2460 ee
1006 2392 1138 2460 ‹lehi-u
1218 2397 1222 2402 '
1294 2433 1295 2442 ι

80 2483 161 2546 tnm.
230 2482 294 2549 104
325 2483 461 2549 clienti
492 2505 664 2570 promere
692 2485 786 2552 iure.
835 2482 1028 2570 respondere
1056 2483 1093 2549 dc

80 2568 149 2634 iure
185 2569 307 2656 aliquid
343 2571 534 2639 consulenti.
604 2573 668 2641 105
703 2577 871 2640 ceuton.
893 2621 902 2637 .
923 2571 1092 2658 pecuniam

81 2657 295 2724 commedere.
345 2663 481 2725 centos
522 2682 694 2727 nummos
730 2660 820 2745 dicit,
856 2659 909 2726 uel
945 2659 1000 2744 qui
1035 2679 1093 2744 per

81 2742 333 2832 chirogrsphum
358 2751 392 2813 et
421 2747 604 2815 cautionem
627 2748 843 2832 crederentur,
875 2747 928 2813 uel
956 2752 1091 2815 cautos

79 2853 256 2900 nummos
285 2833 319 2900 id
347 2839 398 2902 est
428 2836 554 2922 legibus
570 2837 639 2909 luco
661 2839 801 2902 estnon
823 2835 955 2902 inlicitis
984 2836 1090 2901 usuris
1105 2845 1140 2889 ⁸⁰

80 2918 182 2988 datos.
252 2921 316 2988 105
344 2923 568 2991 nominibus
599 2924 726 2990 rectis.
771 2927 860 2990 recte
880 2922 1092 2990 nomincrle-

78 3104 292 3118 Ἥ

78 3287 119 3342 Μ
150 3223 240 3305 tqur
258 3222 295 3277 sd
308 3219 354 3307 Μ
404 3221 549 3306 elegere
568 3221 607 3278 M
653 3221 845 3280 contendere
864 3221 903 3278 M
956 3221 1091 3308 {scribe

157 3297 230 3414 e
244 3291 815 3485 percucurrerit
833 3292 938 3423 ”r

148 3433 181 3482 to
199 3445 249 3498 qur
379 3437 413 3489 19
431 3431 520 3488 otium
538 3450 602 3491 noc.-
619 3437 722 3490 nitrum
740 3433 779 3490 M
842 3451 899 3507 pax
916 3437 1019 3494 uitium
1037 3457 1056 3508 ς

75 3497 109 3545 28
127 3496 372 3576 mulornmplc'u
389 3520 400 3556 r
418 3518 501 3570 corr..
521 3503 561 3557 M
630 3510 665 3560 26
683 3503 810 3559 debitum
831 3521 896 3562 uos:
922 3507 1036 3563 debitur
1053 3508 1093 3565 M

142 3567 178 3616 30
196 3580 326 3622 nummos
345 3568 386 3622 M
454 3575 488 3624 91
508 3569 635 3627 nominc:
653 3572 732 3628 nnus
749 3573 784 3628 de
803 3575 843 3628 M
984 3639 987 3644 ,
