2672 4108
302 81 308 90 '
445 95 708 168 oosnreeee.
1037 88 1078 156 ‘19
1157 108 1164 128 1
1242 153 1244 158 ,

74 268 224 339 Cereris
246 285 392 334 sacrum
420 259 595 348 uulgarit
621 277 793 324 arcanae.
838 255 939 341 absit,
964 253 1080 340 inquit,

73 364 110 426 ut
136 357 194 424 eub
217 355 328 422 ecdem
350 355 437 418 tecto
459 369 568 416 morer
589 351 647 413 aut
668 366 742 412 cnm
762 344 814 411 his
835 345 1003 433 nauigem,
1021 343 1112 498 pupi

72 449 216 550 linguam
239 463 330 508 suam
351 460 452 527 usque
474 438 516 504 nd
537 433 754 522 proditionem
775 434 1003 518 mysteriorum
1201 509 1206 520 ⁸

73 557 152 602 rerrs
174 529 362 619 producunt
450 526 495 594 32
524 546 612 592 raro
640 521 934 590 antecedentem
960 519 1078 588 scele-

72 628 171 690 stum
192 621 221 686 d.
242 641 274 704 p.
294 639 327 704 p.
349 639 375 684 c.
415 615 478 683 hcc
499 613 683 702 proximum
704 615 755 678 eet
775 610 824 677 illi
846 609 932 697 quod
953 609 1106 695 dieitur,s
1239 615 1242 622 '

72 712 160 777 daos
187 709 309 774 iratos
330 706 445 791 pedes
467 704 622 770 lanatos
643 699 800 786 habere,
821 699 897 784 quia
918 719 1079 766 nonnum·
1212 751 1214 758 ,

71 821 167 884 quem
187 795 279 863 tarde
304 794 442 864 ueniunt
466 789 667 860 nocentibus.
717 787 893 856 secundm
914 787 977 855 hoc
999 806 1076 874 ergo
1127 819 1131 826 ·
1253 810 1257 843 ι

71 885 188 972 ‘poena
207 883 288 970 pede
310 879 437 951 claudo'
458 901 546 948 nunc
567 879 655 946 dicta
675 883 741 964 est,
768 897 866 962 qnam
887 897 962 943 rsro
990 873 1077 942 deee-

71 974 172 1039 ruisse
198 971 441 1038 antecedentem
462 969 631 1035 scelestum
653 965 713 1053 ait,
742 962 928 1052 significans
950 962 1078 1031 difficile
1107 999 1112 1008 ·
1170 980 1177 991 “

69 1082 136 1128 non
157 1060 305 1148 persequi
326 1081 409 1145 eum,
431 1056 483 1124 cui
505 1056 548 1124 ob
569 1055 720 1123 meritum
742 1051 872 1139 aliquod
894 1050 1037 1120 debetur.
1089 1072 1116 1116 ro

496 1246 569 1305 ODE
587 1253 613 1318 8,
632 1253 658 1304 ³.

160 1359 304 1425 Iustum
331 1363 369 1425 et
393 1362 567 1425 tenacem
593 1378 624 1441 p.
651 1377 682 1421 u.
740 1356 776 1422 in
803 1357 892 1421 secta
915 1351 1025 1419 Stoice
1045 1353 1080 1418 et

72 1447 134 1513 hoe
165 1447 281 1512 dicitur
309 1446 429 1512 iustum
460 1446 565 1510 uirum
599 1446 633 1509 et
662 1441 792 1510 honesti
821 1439 981 1527 propositi
1010 1459 1078 1506 non
1113 1469 1116 1476 ·
1233 1471 1238 1480 ·

72 1534 186 1601 terreri
204 1534 322 1600 ciuium
336 1532 541 1619 opinionibus
555 1531 762 1616 exigentium,
779 1534 818 1595 ut
830 1529 951 1615 aliquid
964 1530 1080 1594 contre
1113 1529 1141 1552 ·’
1272 1543 1274 1550 ’

72 1622 230 1688 rationem
247 1622 356 1688 faciat
412 1613 1118 1703 3nonuultueinstantistyrannio
1159 1633 1162 1638 ·
1297 1603 1298 1634 ¹

73 1713 197 1775 mente
219 1709 347 1794 quatit
368 1709 501 1776 solida
545 1707 669 1774 scilicet
689 1727 772 1792 eum,
794 1726 890 1791 quem
907 1705 1029 1799 iustum
1047 1706 1080 1771 et

71 1801 216 1863 tenacem
247 1797 405 1882 propositi
437 1797 492 1864 ait
550 1815 628 1882 ergo
660 1815 773 1860 sensus
804 1798 868 1860 est:
900 1792 1079 1877 sapientem
1122 1853 1126 1862 ,
1191 1881 1194 1886 Ι

71 1885 177 1950 uirum
201 1905 269 1952 non
299 1885 405 1972 quatit
425 1885 459 1952 id
481 1889 531 1952 eet
552 1904 619 1951 non
641 1882 816 1951 conturbat
837 1881 947 1948 minax
968 1879 1079 1947 uultus
1104 1907 1110 1918 ·

71 1973 204 2058 tyranni
233 1972 306 2040 ideo
338 1973 472 2059 scilieet,
525 1973 579 2038 uie
609 1971 712 2039 solida
742 1973 851 2038 mente
883 1973 934 2037 est
962 1967 997 2036 id
1028 1972 1079 2036 est
1158 2053 1162 2064 .

72 2061 417 2128 firmancconstant'a
473 2060 496 2126 9
547 2081 589 2128 ac
611 2065 694 2127 erte
716 2058 853 2127 Pollux
873 2057 908 2125 id
929 2056 1151 2124 estrhecro·

72 2149 200 2216 uirtute.
265 2148 708 2239 tetuagueHerculee.
752 2147 1079 2237 uagusdictueeet,
1117 2197 1122 2206 .

71 2239 147 2323 quia
169 2237 279 2304 orbem
300 2242 459 2306 terrarum
481 2238 676 2327 peragrarit
746 2238 788 2305 10
815 2257 922 2305 nuces
944 2236 1088 2324 igneae¹

70 2326 188 2392 idest:
211 2327 364 2411 sidereas,
395 2349 433 2394 ec
460 2349 521 2414 per
549 2327 627 2412 hoc,
658 2327 821 2394 caelestes.
911 2325 952 2392 11
985 2343 1079 2412 quoe

70 2413 178 2480 inter
199 2413 396 2502 Augustus
418 2438 444 2481 r.
479 2415 571 2501 bene,
593 2414 669 2500 quia
687 2419 720 2482 et
736 2413 807 2501 ipae
824 2413 956 2480 uirtutis
974 2412 1079 2481 cultor

71 2505 129 2567 eet
197 2503 239 2568 12
260 2525 453 2589 purpureo
475 2503 579 2570 bibit
601 2524 665 2570 ore
687 2506 831 2570 nectar.
883 2519 1119 2588 purpureone
1169 2515 1172 2520 ’

72 2609 150 2656 ore:
179 2589 266 2657 claro
293 2595 327 2658 et
353 2591 534 2679 splendido,
559 2595 597 2658 ut
622 2588 839 2680 Uergilium
861 2589 1079 2678 Lumenque
1122 2645 1152 2662 .

70 2679 251 2746 iuuentae
273 2677 517 2767 Purpureum.
586 2681 627 2748 13
649 2679 721 2748 hac
742 2685 780 2748 te
806 2683 1017 2748 merentem
1041 2678 1080 2746 B.

70 2789 102 2852 p.
136 2766 220 2834 hac:
255 2769 376 2836 uirtute
412 2769 543 2837 seilicet
599 2774 817 2836 merentem
871 2773 1081 2837 merentem

72 2856 231 2950 quomodo
255 2855 452 2943 accipimus?
472 2861 583 2924 utrum
605 2857 795 2944 simpliciter
816 2855 850 2924 id
868 2863 920 2926 est
937 2857 1081 2947 dignum,
1120 2929 1125 2938 ,
1199 2891 1202 2900 ·

141 3011 211 3070 eci.
229 3011 340 3071 Petron.
359 3020 395 3070 u
461 3021 495 3071 26
513 3015 583 3071 Aen.
603 3022 627 3084 1,
646 3020 707 3072 tto.

143 3153 327 3212 leireneM
398 3153 872 3227 emmeramensem
940 3153 1087 3212 archanae·
1139 3202 1154 3217 .,
1220 3215 1225 3224 ,

73 3222 111 3278 Μ
213 3225 351 3282 aeonem
372 3227 450 3282 tecto
471 3241 564 3284 morer
586 3230 637 3283 aut
657 3243 722 3283 omn
743 3242 807 3285 sose
835 3225 897 3284 eod.
923 3228 1078 3284 teetumero

71 3295 166 3350 utcum
182 3295 227 3363 M,
246 3296 345 3353 ecdem
361 3297 438 3352 teoto
455 3311 566 3353 mecum
584 3295 642 3354 sint
658 3298 689 3354 et
707 3298 762 3368 (eet
779 3297 837 3354 rint
853 3299 914 3370 aut)
928 3300 962 3354 nt
978 3313 1043 3356 cum
1060 3314 1087 3369 ς·

142 3365 328 3424 cetensis
388 3365 831 3440 opedelanoecteup.esr.ld
892 3367 1080 3427 ineundam

72 3433 110 3490 Μ
165 3437 582 3512 ¹10uliquodpoenodetetur
635 3437 725 3498 reete?
789 3445 822 3496 1³
836 3439 1080 3498 mututrmtem

72 3501 162 3633 paim
180 3510 356 3647 epropositio
380 3509 419 3566 Μ
516 3516 551 3569 tt
601 3511 677 3570 ''cet
694 3509 776 3582 (scil.)
794 3511 852 3568 eod·
872 3509 958 3570 Pon:
974 3509 1024 3569 ead
1042 3510 1082 3567 Μ
