2708 3842
534 72 713 132 mocon
731 79 779 131 s..
1105 71 1160 140 153
1235 25 1246 173 ’ἐ

158 243 255 307 nato
273 261 355 306 oum
368 239 485 305 semel
498 237 600 304 fixae
614 236 700 304 cibo
714 235 979 304 intabuissent
990 238 1161 324 pupulas:
1234 256 1236 264 ’

158 329 244 396 fixae
267 328 348 395 cibo.
414 327 456 394 41
480 348 559 395 noc
579 325 749 394 defuisse
775 327 967 394 masculae
992 325 1161 394 libidinis

160 417 447 483 Ariminensem
469 413 626 484 Foliam.
671 413 750 481 dicit
772 415 870 486 etiam
891 413 1016 482 Foliam
1037 415 1161 482 nomine
1253 412 1256 418 ’

158 503 339 570 ueneficam
366 502 443 570 huic
474 503 586 570 sceleri
616 502 819 581 interfuisse.¹
862 502 948 588 quod
984 503 1031 568 ait
1060 507 1162 570 autem
1302 515 1310 542 ⁸

160 592 355 658 masculae
387 590 570 658 libidinis
606 591 647 657 ad
669 590 703 657 id
725 591 878 676 pertinet,
913 591 1000 676 quod
1021 590 1184 656 dicanturt
1230 595 1235 602 '

158 677 320 764 quaedam
342 679 492 748 mulieres
518 679 638 746 hebere
659 683 767 746 cossim
792 683 943 744 naturem
968 683 1162 745 monstrosae

161 765 306 834 libidinis
328 767 535 835 concubitum
556 765 786 835 semiaminis
830 788 894 853 quo
916 767 1048 833 crimine
1070 765 1162 833 etiarn

43 857 44 924 l
160 851 295 942 Sappho
317 857 400 924 male
428 857 539 924 audiit
605 857 648 922 43
671 860 709 923 et
738 854 865 923 otiosa
886 855 1051 923 credidit
1070 851 1203 922 Nea··
1254 845 1267 902 ’-

43 949 44 968 ¹
159 943 272 1032 polis.
316 945 446 1014 uidetur
467 945 658 1034 significare
672 944 776 1012 scelus
797 944 860 1012 boc
877 941 1016 1032 Neapoli
1037 943 1162 1011 iuctrm

161 1053 248 1120 nam,
270 1037 307 1100 ut
329 1057 427 1122 supra
450 1035 597 1122 diximus,
611 1033 757 1105 Gratidia
773 1033 854 1101 heac
867 1031 1162 1122 Neapolitanaiuit
1174 1049 1198 1093 ιι

157 1119 332 1210 Neapolim
363 1128 472 1193 autam
502 1123 641 1194 otiosam
670 1144 731 1211 pro
763 1121 939 1210 ‘quietem’
970 1122 1052 1191 dixit
1072 1121 1163 1189 simul
1307 1135 1310 1228 '¹

160 1211 237 1302 quia
267 1213 381 1282 otiosis
410 1212 443 1281 id
466 1218 516 1282 est
537 1215 624 1281 uitae
647 1213 813 1300 quietioris
835 1212 1021 1300 aptissimus
1042 1211 1097 1280 ille
1118 1232 1163 1279 sc-
1229 1223 1235 1236 '
1261 1227 1265 1234 ’
1309 1229 1310 1240 ’

155 1323 270 1370 cessus
284 1307 342 1371 est
391 1305 433 1370 4⁷
452 1303 515 1372 bio
532 1304 766 1373 inresectum
783 1324 899 1370 saeue
916 1303 1029 1370 dante
1046 1299 1163 1369 liuido
1192 1345 1195 1352 ,

156 1387 325 1459 ¹Canidia
355 1392 496 1461 rodens
525 1392 717 1480 pollicem.
761 1391 1164 1480 proreiatrocitatamira
1212 1421 1215 1428 v
1252 1462 1257 1470 ,
1309 1389 1310 1470 J

155 1481 239 1548 haec
262 1481 361 1566 [idem
382 1483 542 1571 positure]
572 1481 714 1571 epithasi'
735 1485 928 1600 asperantur
959 1474 1214 1550 ‘inresectum'w'
1309 1539 1310 1544 ,

156 1570 324 1658 pollicem'
355 1577 389 1640 et
416 1571 529 1640 ‘saeue
550 1573 646 1640 dente
668 1571 794 1640 liuido.
838 1571 895 1640 sed
916 1571 996 1639 illud
1027 1571 1165 1657 attende,
1247 1577 1257 1600 “·

156 1664 196 1727 ut
230 1659 684 1752 duabus-praepositionibus
713 1666 911 1751 exaggerate
941 1661 985 1729 sit
1013 1659 1164 1730 facinoris
1244 1711 1249 1718 .
1286 1659 1290 1666 ’

156 1751 328 1821 atrocitas:
349 1752 584 1820 inresectum
605 1774 665 1841 pro
689 1750 798 1818 ‘ualde
817 1756 850 1819 et
872 1751 1000 1839 saepius
1022 1749 1165 1818 sectum’.
1247 1754 1251 1761 '

246 1841 290 1909 49
327 1842 418 1930 quid
449 1842 548 1928 dixit
578 1847 645 1911 eut
671 1841 763 1931 quid
788 1843 921 1911 tacuit
965 1855 1079 1910 sensns
1100 1843 1164 1909 est:

155 1951 240 2017 quae
271 1933 392 1998 scelera
421 1953 509 1998 nunc
538 1932 620 1998 dixit
647 1936 705 1998 aut
733 1953 815 2018 quse
841 1931 971 2000 silentio
992 1931 1205 2018 praeterires·
1272 1971 1275 1974 -

156 2019 286 2104 potuit?
352 2019 396 2086 49
428 2041 448 2086 o
478 2019 590 2086 rebus
620 2019 715 2086 meis
745 2041 822 2086 non
850 2018 1033 2086 infideles
1064 2018 1166 2085 arbi·

153 2111 249 2174 tras.
293 2107 370 2175 hinc
392 2109 458 2175 iam
480 2104 633 2176 Canidiae
655 2107 757 2176 uerba
778 2111 864 2178 eunt
929 2107 973 2176 53
1004 2107 1167 2176 nuncin
1285 2163 1289 2168 ,

86 2203 88 2208 ’
153 2193 322 2261 hostiles
363 2194 498 2263 domus
541 2197 638 2262 iram
680 2199 795 2281 atqua
836 2217 975 2263 numen
1013 2195 1168 2263 uertite.
1293 2263 1297 2268 ,

152 2277 246 2349 Uaro
258 2283 339 2349 haec
351 2281 545 2370 imprecetur,
567 2305 669 2371 aquo
687 2282 921 2354 fastidiebatur.
987 2282 1030 2350 59
1053 2282 1166 2370 quala

156 2388 234 2434 non
263 2368 478 2454 perfectius
506 2392 610 2438 meae
646 2371 865 2438 laborarint
899 2393 1041 2439 manus.
1088 2370 1209 2438 hincne

150 2455 239 2530 scies
261 2457 360 2547 illam,
381 2461 419 2526 ut
441 2458 588 2543 diximus,
609 2459 859 2546 unguentariam
880 2459 989 2525 fuisse
1033 2458 1166 2525 attende

155 2547 265 2614 autom
287 2545 501 2662 elocutionem
532 2547 569 2612 in
596 2547 785 2649 soloecismo
818 2547 1027 2627 constitutam
1058 2545 1168 2632 ‘quale
1268 2589 1272 2600 ·

151 2631 868 2804 gtiuisperftiihgbideffeiditfflberiiludira
897 2633 1167 2790 agibiiagebii:

155 2823 229 2874 nus
258 2826 407 2874 ueneno
425 2805 609 2892 Medeae:
643 2807 833 2895 indignatur
861 2829 988 2879 uenena
1013 2830 1073 2876 sue
1093 2829 1167 2880 non
1182 2825 1220 2900 eo·
1258 2863 1262 2868 .

227 3034 413 3090 lrntabmsae
431 3033 534 3104 popule
557 3033 597 3089 M
650 3019 683 3088 '8
700 3033 908 3105 momorum
925 3034 1036 3090 uidem
1054 3033 1166 3106 ‘iunge’

150 3101 199 3164 uel
218 3101 301 3159 'ordo
318 3110 371 3161 ost.-
386 3105 460 3174 ficos
477 3104 564 3160 σῦκ’.
644 3109 661 3164 t
679 3107 777 3162 cauma
794 3105 894 3160 addidi
980 3109 998 3161 8
1016 3104 1095 3160 audit
1111 3121 1125 3159 r
1142 3119 1168 3163 e.

152 3171 172 3228 t.
195 3173 263 3236 cdd.
286 3174 329 3236 Μ,
417 3182 452 3232 ιο
472 3177 518 3231 ιιι
540 3173 621 3232 au
708 3181 741 3230 ra
766 3173 935 3260 quistione
1024 3180 1056 3230 ra
1074 3173 1170 3231 ubido

155 3241 195 3296 Μ
272 3250 305 3300 to
330 3245 406 3304 idam
423 3247 549 3316 pentura
566 3243 649 3301 -id
667 3248 712 3302 est
727 3243 897 3316 inpositura,
915 3245 1171 3316 mopsocrenen

150 3315 234 3374 «eor
250 3314 385 3386 epitbesis
401 3316 497 3378 deleat
532 3317 599 3372 tuce
620 3315 810 3401 interprmio
833 3331 921 3387 capro
938 3315 1052 3384 rems,
1073 3315 1170 3374 altera
1216 3367 1220 3373 .

149 3385 257 3452 (ofi'cd
274 3403 302 3442 as.
320 3391 370 3455 33)
396 3388 429 3446 ts
451 3387 577 3456 marpissa
602 3387 744 3456 adempta
770 3393 829 3442 erat
851 3387 952 3444 codic'a
969 3387 1110 3458 serape·

154 3460 188 3511 lt
206 3471 281 3532 apua.
319 3457 419 3515 edente
440 3457 528 3515 lrbsdo
552 3456 590 3515 Μ
678 3461 711 3515 17
734 3459 885 3532 moses
902 3457 942 3514 Π
1022 3463 1062 3519 ,ἱο
1087 3473 1170 3514 nnnc

147 3527 702 3653 fflffiwlffttifflmow·
796 3535 832 3586 tt
862 3528 1028 3588 dsmnsls·
1128 3533 1206 3585 8¹1·

152 3610 172 3662 q
221 3612 265 3653 em
611 3631 612 3634 =
694 3631 698 3636 -
859 3639 863 3650 .
