2672 4108
427 110 501 170 one
519 111 566 183 Ν,
586 118 628 169 u.
963 111 1024 179 141
1070 187 1073 192 ,

14 277 133 344 Auster
163 298 236 344 cum
267 279 341 343 ortu
373 273 618 363 [Uergiliarum]
647 273 815 341 Pleiadum
845 274 1024 342 concitatus

15 365 113 449 [eum]
137 367 263 432 exercet
284 363 402 451 undu,
423 369 491 432 tam
505 365 633 451 inpiger
648 360 776 430 Drusus
794 363 937 431 hostium
959 367 1041 431 tur:

13 475 82 519 mae
112 453 273 520 nutabat
343 452 406 530 ,24
441 474 510 538 per
544 453 664 538 ignes.
714 451 807 538 ignes
843 473 931 518 nuuc
965 474 1024 538 pro
1134 457 1141 468 '
1274 449 1276 482 ¹

13 539 175 606 acerrimis
198 535 430 626 concitatisque
452 539 603 626 periculis
625 538 770 624 accipere
792 538 954 606 debemus.

13 629 56 697 25
87 629 143 696 sio
172 627 416 696 tauriformis
447 627 623 696 uoluitur
652 626 832 694 Aufidus.
881 627 1050 694 omnium

12 717 180 784 fluminum
203 717 290 804 genii
312 718 442 785 taurim
464 718 558 785 uultu
580 717 678 806 etiem
700 738 774 784 cum
788 715 941 784 cornibus
953 717 1029 804 pin·

12 810 134 895 guntur
155 809 289 894 propter
310 807 451 893 impetus
474 810 508 873 et
528 805 678 874 fremitus
700 807 843 893 ipsarum
858 826 1024 893 equarum.

99 895 142 962 27
175 916 257 962 cum
289 896 416 962 saeuit
445 895 753 982 horrendamque
785 894 904 962 cultis
926 894 1023 962 dilu-

13 985 109 1052 uium
128 983 334 1051 minitatur
350 985 466 1074 agris.
509 985 595 1052 male
613 984 695 1051 dixit
711 983 930 1070 minitatur,
948 985 1024 1070 quia

12 1074 45 1141 in
67 1073 140 1160 ipso
162 1078 237 1141 actu
259 1078 392 1142 estnec
413 1073 510 1141 debet
536 1074 678 1162 cogitare
705 1077 764 1141 aut
785 1073 968 1142 condiscere
989 1073 1022 1141 id
1036 1083 1062 1128 ²⁰

12 1162 96 1248 quod
117 1163 184 1229 iam
205 1162 293 1231 facit
361 1164 402 1230 31
426 1164 648 1250 primosque
675 1166 713 1230 et
734 1167 926 1230 extremos
948 1184 1022 1230 me·

12 1250 135 1318 tendo.
197 1251 244 1319 sic
284 1256 319 1319 et
356 1249 569 1338 Uergilius:
619 1250 799 1319 Proxima
850 1272 1022 1338 quaeque

12 1340 122 1407 metit
142 1340 284 1428 gladio.
350 1339 394 1408 32
427 1341 510 1408 eine
542 1339 650 1408 clade
676 1341 805 1408 uictor
825 1339 858 1407 id
881 1345 932 1407 eat
952 1339 1022 1408 eine

13 1428 264 1498 suorumclede.
329 1429 374 1498 33
414 1434 452 1497 te
488 1429 694 1498 consilium
726 1432 764 1498 et
793 1433 882 1498 tuos
912 1451 1023 1516 prae·

12 1518 122 1586 beate
145 1517 266 1587 diuos.
310 1517 373 1587 hoc
404 1518 477 1587 ideo
509 1517 639 1607 dicitur,
670 1519 747 1608 quia
768 1519 920 1607 auspiciis
942 1518 1021 1587 Gee-
1034 1529 1060 1574 ¹⁸

13 1609 90 1674 sarie
110 1607 192 1676 haec
215 1609 354 1697 gessisse
376 1608 503 1675 dieitur.
570 1609 614 1676 34
648 1630 734 1675 nam
765 1609 839 1674 tibi
866 1629 939 1696 quo
962 1608 1052 1676 die‘

13 1700 148 1781 portus
179 1695 418 1763 Alexandria
449 1697 621 1783 supplex.
665 1696 713 1763 ila
735 1697 857 1780 euenit,
888 1701 926 1762 ut
947 1702 1022 1782 post
1142 1777 1146 1786 .

13 1807 113 1853 annos
136 1785 319 1872 quindecim
340 1783 466 1853 Drusus
490 1785 602 1853 eodem
625 1784 676 1852 die
699 1785 820 1854 Raetos
833 1782 1021 1853 Uindelicos

13 1873 166 1962 uinceret,
197 1897 261 1960 quo
284 1874 336 1942 die
357 1873 527 1961 Augustus
548 1873 780 1942 Alexandriam
802 1875 933 1941 uicerat

13 1961 51 2028 39
87 1967 126 2028 et
161 1967 334 2048 optatum
364 1963 534 2049 peractis
565 1962 740 2050 imperiis
771 1960 1060 2030 decurrere-¹⁰
1195 2037 1201 2046 ,
1259 2038 1263 2048 ⁴

13 2051 127 2136 gauit.
171 2051 439 2118 inmortalitatem
461 2073 500 2118 ex
517 2051 761 2119 consecratione
778 2050 908 2118 uidetur
921 2050 1020 2138 signi·

12 2137 112 2224 ficare,
134 2159 208 2204 cum
230 2137 318 2206 dicat
338 2140 511 2224 peractis
533 2139 718 2225 imperiis
792 2139 837 2206 42
872 2141 910 2204 te
933 2159 1020 2224 pro·

12 2224 122 2380 lngus
154 2223 326 2313 Scythes
380 2227 570 2314 profugus
602 2227 734 2311 dicitu,
764 2226 819 2314 qui
842 2247 1020 2313 numquam

12 2333 84 2468 iuoou
105 2406 293 2488 pauentes
315 2402 455 2469 funere
477 2399 638 2470 Galliae
683 2407 717 2468 et
733 2401 787 2468 hic
810 2400 940 2468 ‘tellus’
961 2411 1059 2489 per*

12 2509 141 2576 neugma
172 2511 212 2556 ex
241 2489 394 2556 inferiore
425 2511 522 2557 uersu
553 2490 696 2576 accipere
733 2488 895 2556 debemus.
953 2510 1020 2556 non

14 2581 162 2659 pauentes
185 2581 294 2645 autem
316 2576 428 2645 Gallos
450 2578 565 2646 funera
586 2579 634 2646 ait
665 2579 742 2665 quia
758 2579 811 2644 uel
824 2578 946 2645 ferocia
968 2578 1024 2643 uel
1133 2651 1136 2658 ¹
1269 2564 1272 2571 ’

12 2683 95 2819 nr
108 2630 664 2822 rrffltwl
677 2669 1020 2843 narrent

14 2858 166 2926 capaces
229 2843 327 2911 ortis
357 2846 395 2910 et
423 2843 607 2946 ignauum
636 2843 832 2911 rediturae
860 2851 1059 2929 percote⁸⁰

14 2929 120 2996 uitae.
199 2932 243 2999 52
279 2931 509 3017 compositis
540 2927 783 2999 'uenerantur
826 2931 947 2998 armis
986 2927 1020 2997 id

14 3019 69 3084 est:
92 3019 208 3105 pacati.
1009 3053 1014 3062 ·

79 3197 110 3248 12
128 3195 198 3252 Aen.
218 3200 261 3267 10,
279 3197 331 3251 ele
403 3198 438 3249 33
456 3192 561 3250 laudan.
581 3199 606 3264 1,
623 3199 675 3252 431

17 3286 296 3392 -1-3-’.11ιωω
312 3351 362 3393 eeu
379 3331 562 3405 Pleiadum:
643 3333 830 3406 Uergiliarum
848 3337 874 3390 et
892 3349 958 3390 eum
975 3331 1019 3390 de·

13 3394 62 3455 aas
134 3410 151 3460 a
254 3406 293 3464 M
366 3402 1020 3473 teumoelelie.ee1.uddiditield,et

69 2335 119 2380 em
141 2315 213 2382 loco
235 2317 356 2400 manet,
377 2314 463 2381 unde
486 2320 520 2381 et
540 2314 696 2382 nomades
710 2314 871 2381 diemtur.
916 2313 960 2380 49
982 2318 1020 2380 te
1095 2341 1099 2348 ·

1166 1116 1324 1225 ,ὶῑῖ

1134 1453 1137 1462 ι
1200 1447 1215 1460 ἰ
1294 1458 1297 1496 ι

1329 1498 1333 1510 u

1332 1527 1333 1543 l

13 3472 183 3549 uuPeey
254 3477 493 3549 ltaueprtuuM
544 3476 718 3535 ltdraedl
788 3474 993 3546 leudi<
1078 3515 1080 3520 -
1222 3483 1231 3502 ⁸
1290 3439 1298 3515 f

14 3541 41 3593 2¹
58 3559 91 3604 ex
108 3546 314 3605 consentione
327 3548 400 3605 Aer.-
422 3549 597 3605 amone
616 3547 655 3605 M
702 3539 739 3604 at'
754 3545 809 3624 quc
886 3549 1020 3614 ⁴leuna

14 3607 52 3679 ll,
68 3629 141 3670 uana
158 3617 325 3696 uel-uerae
1053 3625 1062 3644 ·
