2672 4108
298 173 360 242 128
703 169 776 230 ona
792 170 841 244 ιν,
859 177 884 230 ι.
967 141 970 152 ’
1027 177 1030 184 ’
1098 145 1102 154 ’

296 333 521 399 Sallustius:
548 329 770 416 Nomenque
796 330 1016 398 Danubium
1037 329 1168 414 habet,
1190 335 1232 394 ut
1253 331 1301 394 ad

88 443 92 450 ·
190 493 192 496 ,
295 419 566 488 Germanorum
587 423 713 486 terras
736 417 958 506 adstringit
1012 415 1135 503 41qui
1153 415 1300 503 primus

295 510 394 577 alma
418 508 512 576 risit
537 506 686 576 adorea.
729 509 844 576 adoreo
864 508 937 575 laus
958 505 1076 574 bellica
1097 504 1215 572 dicitur
1236 504 1301 572 for·

294 599 401 685 basis,
422 597 510 688 quod
530 598 686 667 adorandi
702 598 777 685 sint,
799 598 855 687 qui
876 596 1004 666 laudem
1026 618 1066 663 ex
1087 594 1174 664 bello
1193 617 1316 682 repor··

163 769 167 778 Ι
270 691 377 756 stunt
433 687 524 756 risit
557 707 636 776 ergo
672 687 829 756 Romanis
865 683 1095 775 accipiendum
1183 685 1228 752 46
1263 690 1302 752 et

193 803 199 816 ·
295 777 414 864 impio
449 780 608 845 uastata
637 777 852 845 Poenorum
883 775 1051 844 tumultu
1082 773 1174 840 fana
1209 771 1301 840 deos

294 864 463 933 habuere
484 871 623 934 rectos.
681 871 715 933 at
736 865 796 953 dii,
817 865 938 952 inquit,
964 885 1101 952 quorum
1122 861 1246 950 templa
1268 861 1303 928 in

293 953 391 1020 Itslia
418 977 439 1020 a
465 951 583 1022 Poenis
609 955 733 1023 uioleta
759 958 850 1040 sunt,
878 952 993 1021 exinde
1024 952 1105 1020 recti
1131 973 1201 1019 esse
1231 972 1301 1019 coe-

293 1045 413 1128 perunt
433 1063 494 1130 pro
515 1041 671 1110 Romanis
694 1042 850 1110 aduersus
873 1064 928 1110 eos
952 1045 1095 1130 agentes.
1172 1041 1214 1107 51
1244 1060 1302 1106 se·

165 1209 187 1220 ‚
256 1133 443 1197 iactamur
464 1130 568 1196 ultro
591 1151 686 1217 quos
707 1131 858 1216 opimus
889 1128 1031 1195 fallere
1058 1131 1096 1194 et
1125 1127 1302 1215 effugere

294 1221 354 1285 est
369 1216 600 1304 triumphus.
631 1218 726 1304 ultro,
743 1217 859 1305 inquit,
876 1217 961 1284 bello
974 1214 1115 1303 petimus
1128 1215 1304 1300 Romanos,

294 1327 432 1396 quorum
453 1328 569 1374 manus
592 1307 620 1374 si
641 1307 848 1396 effugerimus
870 1302 1009 1394 gaudere
1030 1304 1193 1388 debemus,
1215 1303 1303 1370 simi·

294 1396 404 1482 lesquc
430 1394 466 1462 in
492 1393 553 1462 boc
584 1417 696 1463 sumus
727 1395 847 1480 ceruis,
882 1393 937 1482 qui
974 1394 1069 1480 lupos
1100 1393 1189 1460 ultro
1219 1393 1303 1459 inse·

295 1488 432 1569 otentur,
453 1505 535 1571 quos
557 1483 678 1571 ulioqui
699 1485 812 1572 fugere
834 1483 982 1552 debeant
1065 1483 1108 1552 57
1131 1479 1239 1548 duris
1261 1486 1304 1549 ut

255 1571 372 1638 uilex
392 1576 507 1640 tonsa
528 1571 764 1660 bipennibus
786 1572 926 1660 nigrae
947 1572 1069 1639 feraci
1091 1568 1242 1638 frondis
1264 1570 1304 1636 in

218 1707 248 1762 ,Χ
271 1659 446 1746 ,Algido
504 1659 583 1728 ordo
610 1663 673 1728 est:
700 1664 743 1750 ut,
765 1661 829 1727 ilex
859 1659 974 1747 nigrae
1005 1661 1083 1744 [est]
1114 1657 1237 1726 frondis
1268 1657 1304 1724 in

255 1769 270 1790 ··
294 1747 414 1835 Algido
441 1747 543 1816 feraci
568 1748 657 1816 dume
684 1748 880 1836 bipennibus
908 1753 1014 1816 tonsa.
1059 1770 1173 1816 sensus
1195 1750 1304 1813 autem

294 1834 349 1902 hio
379 1841 443 1903 cst:
474 1841 513 1903 nt
543 1837 621 1924 ilex,
654 1842 775 1925 quanto
808 1836 913 1926 magis
949 1837 1115 1905 securibus
1151 1833 1303 1922 caeditur,

293 1927 387 1993 tanto
414 1925 644 2031 corroboretur
669 1927 775 2016 magis
803 1947 841 2030 ac
872 1925 1057 2031 reuiuescit,
1087 1925 1136 1992 ita
1163 1921 1303 2028 Romani

254 2013 722 2170 ”lindifiailfflnfd
744 2013 1129 2190 lilimuiiiihnim‘
1151 2034 1304 2169 eigili

294 2187 426 2274 Hydra
448 2195 554 2258 secto
572 2211 734 2276 corpore
751 2190 904 2259 firmior
921 2192 1105 2278 etreliqua
1141 2195 1304 2274 oportune

294 2276 495 2364 conparatio,
516 2299 581 2364 qua
601 2278 768 2348 Romanos
793 2280 866 2347 uult
886 2280 1032 2368 intellegi
1054 2277 1151 2346 caede
1174 2279 1224 2344 sui
1246 2303 1303 2367 po·

293 2363 451 2432 tentiorea
492 2365 570 2432 lieri
692 2367 736 2436 63
776 2372 1039 2435 monstrumne
1086 2365 1302 2438 submisere

253 2449 429 2520 ascolclri
459 2455 582 2521 maius
607 2453 870 2524 Echioniaeue
902 2455 1070 2524 Thebae:
1116 2459 1172 2526 ubi
1199 2480 1303 2526 arma-

293 2543 411 2644 tofum
429 2561 522 2630 seges
549 2543 671 2611 exiluit
729 2566 788 2632 par
813 2543 894 2612 lineo
921 2549 1031 2612 autem
1052 2545 1200 2636 intellegi
1223 2547 1303 2631 uult,

293 2627 442 2695 nnrabrle
482 2651 552 2698 esse
591 2652 659 2699 non
695 2631 805 2700 deesse
840 2631 1007 2701 Romanos
1046 2637 1101 2702 tot
1139 2635 1303 2721 tuntisque

232 2713 241 2728 ⁴
292 2715 452 2820 bellorum
474 2717 619 2787 cladibus
646 2721 796 2806 acceptia
877 2722 919 2790 67
943 2726 1130 2842 geretque
1152 2723 1303 2812 proelia

254 2807 527 2982 ,πῆξε
545 2808 798 2986 isira,
813 2811 1302 2991 succurritur

294 2981 387 3070 iuges
413 3003 524 3050 eorum
546 2983 585 3052 de
607 2987 732 3054 maritis
755 2987 822 3054 suis
844 2952 1064 3076 praedicerit'?
1138 2991 1181 3060 '10
1204 2991 1301 3060 occi·

295 3156 529 3274 Qu,
546 3165 581 3218 bb
599 3157 708 3234 (Erite),
726 3162 776 3220 aed
795 3163 840 3220 ‘nt
857 3205 865 3220 .
884 3206 891 3222 .
910 3163 1074 3240 udalringit’
1095 3167 1240 3227 omittunt

368 3308 383 3358 1
404 3301 462 3360 lrab
480 3346 488 3361 .
507 3346 515 3362 .
532 3307 566 3363 ut
585 3305 691 3378 ortum
711 3307 910 3394 lituaenquoor
932 3313 963 3367 at
987 3310 1134 3370 meusim
1159 3313 1301 3383 uideam)

290 3371 723 3507 ermeno
761 3379 977 3510 'recca

296 3513 349 3570 H.
403 3517 507 3575 urnulas
526 3518 565 3576 Μ
588 3595 591 3603 7
615 3466 718 3592 qatque
739 3522 815 3580 umb.
833 3470 1117 3595 niceni'lussbrme
1136 3461 1186 3594 ll,
1202 3472 1302 3602 'gessori

294 3589 347 3644 aut
361 3604 426 3660 ug
476 3595 511 3647 tt
529 3605 599 3664 quae
612 3609 666 3664 ,qur
685 3591 730 3661 u,
747 3593 815 3666 quia
898 3597 1057 3668 potentiore
1076 3597 1115 3654 M
1166 3604 1201 3655 24
1219 3615 1299 3656 suum
1333 3631 1334 3668 ;

293 3613 972 3742 nunscolabrmagnbhuomantdebelf
1045 3667 1334 3726 contendentis*

107 3711 1334 3953 mmmmm-md
