2708 3842
284 4 349 72 164
765 2 834 59 ΗΝ
852 11 893 62 12.

281 166 493 234 concumbere
516 166 646 252 debere,
671 166 748 252 quia
773 165 862 232 illam
889 187 957 232 uon
984 164 1129 250 uideant,
1155 171 1290 251 propter

281 253 519 334 deformitatem
536 253 648 340 ipsius.
718 254 740 321 3
762 275 833 320 neo
854 253 969 320 firmo
991 253 1121 318 iuueni
1143 251 1206 320 hoo
1224 258 1288 319 est:

281 361 341 408 neo
371 341 480 408 ualido
502 341 570 444 'qui
603 339 749 408 sufficere
784 340 910 407 libidini
940 344 1016 406 tuse
1046 339 1177 425 possim.
1266 341 1287 408 3

281 449 405 514 neque
426 449 532 496 naris
561 429 699 496 obesae
725 427 788 496 hoo
815 431 880 495 est:
902 449 1006 514 neque
1029 428 1175 494 ooolusss
1198 429 1287 494 naris

253 519 321 581 sut
340 515 462 602 possim
484 517 632 600 putorem
654 515 798 600 corporis
820 516 870 580 tui
891 515 983 581 serre.
1073 515 1095 580 5
1120 515 1288 600 polypus

281 624 329 670 an
347 603 480 692 grauis
498 601 667 670 hirsutis
685 603 799 670 subet
815 601 946 669 hircus
968 602 1009 668 in
1031 601 1113 669 alis.
1149 602 1287 689 polypus

281 713 349 759 uon
374 691 411 758 in
437 691 510 778 elis,
537 691 593 760 sed
620 692 655 758 in
682 691 815 758 naribus
844 690 1098 778 intellegendus:
1180 691 1198 757 7
1223 689 1287 778 qui

281 780 398 848 sudor
423 781 541 848 uietis
567 787 605 848 et
632 802 741 867 quam
768 779 890 848 malus
917 779 1087 868 undique
1109 778 1288 848 membris

282 869 423 937 erescit
445 869 546 936 odor.
582 869 661 936 ordo
679 873 743 937 est:
766 869 861 936 uietis
878 869 1040 936 membris.
1071 868 1160 937 uieta
1179 873 1288 936 autem

242 957 485 1026 mdionubrrex
502 957 693 1024 necessitate
711 960 870 1042 contorte,
891 961 929 1023 ut
951 955 1157 1024 Terentius
1180 961 1288 1024 osten·

280 1045 329 1112 dit
340 1044 494 1130 Uietus,
507 1050 753 1132 aeternosus,
766 1066 881 1113 senex
897 1045 1101 1129 [necessitate
1115 1047 1288 1126 contorta}

370 1135 389 1200 'l
420 1135 542 1200 malus
579 1133 746 1220 undique
777 1133 967 1201 membris.
1024 1132 1087 1201 hoo
1118 1133 1184 1200 iam
1212 1155 1287 1220 pro·

279 1223 496 1290 nuntiandum
518 1223 572 1290 uel
589 1221 784 1290 efferendum
797 1244 871 1290 oum
884 1221 1107 1290 admiratione.
1161 1223 1181 1290 8
1205 1242 1287 1289 oum

164 1337 174 1380 :
280 1333 378 1400 pene
391 1313 521 1381 soluto
538 1311 765 1381 indomitam
782 1315 968 1400 properat
984 1311 1130 1379 rabiem
1144 1311 1288 1378 sedare.

239 1426 267 1468 re
280 1423 401 1488 aspere.
445 1423 518 1467 oum
540 1421 579 1466 ex
601 1401 732 1467 fastidio
754 1401 803 1466 tui
829 1396 931 1486 penis'
949 1399 1091 1488 languit,
1117 1404 1154 1466 tu
1176 1403 1286 1466 tumen

198 1543 206 1552 .
279 1489 411 1576 cupiens
437 1489 564 1556 bbrdrm
591 1491 666 1556 tuae
693 1489 892 1575 satisfacere,
918 1489 995 1555 dum
1018 1486 1167 1574 moueris,
1190 1488 1287 1554 sudes

264 1577 472 1663 ‘delauasque
498 1582 619 1644 oretum
641 1581 676 1643 et
697 1580 821 1643 steroum
842 1575 1008 1661 crocodili,
1030 1577 1148 1662 quibus
1169 1575 1286 1642 laniem

278 1667 388 1732 fucare
409 1664 581 1732 consuesti.
659 1666 699 1731 11
722 1664 797 1732 iam
829 1685 873 1731 ue
896 1663 1070 1732 subando
1092 1665 1202 1730 teuta
1225 1685 1287 1730 ou·

279 1753 376 1820 bilis
391 1757 571 1839 teotaque
588 1752 742 1838 rumpit
777 1774 815 1818 su
838 1751 1123 1838 arepropriesues
1136 1749 1288 1818 dicuntur

238 1869 267 1910 ss
280 1862 354 1908 oum
375 1841 596 1908 libidinantur.
635 1839 710 1907 iude
733 1840 798 1907 iam
820 1841 990 1908 translatio
1012 1840 1100 1906 iusta
1121 1839 1158 1905 in
1180 1843 1288 1906 oetera

280 1929 440 1998 mimalia
489 1931 580 1996 teuta
606 1932 716 1995 autem
743 1929 862 1995 cubilia
887 1929 1006 1996 loetum
1037 1927 1116 1996 dicit
1145 1927 1287 1996 restibus
1324 1959 1327 1966 ·

280 2019 349 2085 siue
370 2018 513 2085 iosoiolia
535 2017 733 2084 subtentum.
801 2019 843 2084 13
865 2017 927 2084 uel
948 2039 1029 2085 mea
1051 2038 1133 2084 oum
1155 2018 1285 2084 saenis

279 2107 407 2195 agitat
432 2105 597 2210 fastidia
622 2106 769 2210 uerbis·
788 2193 795 2209 ι
817 2106 870 2172 uel
896 2105 977 2210 illud
1005 2105 1074 2173 eius
1106 2105 1200 2192 quale
1222 2110 1286 2210 est,

240 2217 356 2353 ..ill
377 2214 648 2351 subnot..
659 2195 833 2370 llll&
848 2193 1286 2370 &dissutilis

279 2395 348 2440 rem
368 2393 443 2440 oum
463 2370 597 2440 lnaobia
619 2371 723 2439 amisa
745 2393 842 2459 quam
869 2394 942 2440 oum
964 2371 1036 2460 ipsa
1057 2391 1163 2460 agam
1245 2373 1286 2440 16

279 2466 415 2549 pereat
449 2462 546 2529 male
582 2481 678 2548 quae
714 2465 751 2528 te
782 2459 934 2529 Lesbia:
970 2482 1052 2550 quas
1084 2463 1117 2527 te
1148 2459 1286 2529 inertem

80 2555 90 2644 ἰ
279 2549 476 2620 monstrauit
505 2550 586 2618 mibi
621 2549 789 2637 quaerenti
819 2554 958 2618 taurum.
1015 2554 1146 2618 taurum
1177 2556 1285 2618 autem

185 2663 189 2670 ·
303 2662 340 2708 ro
361 2640 470 2708 ualido
492 2661 532 2707 ao
552 2639 631 2707 forti
653 2639 827 2707 oonoubitu
849 2638 938 2706 dixit.
1024 2641 1065 2708 18
1089 2659 1171 2707 oum
1193 2639 1286 2708 mibi

240 2663 380 2797 aiens
402 2728 557 2796 adesset
578 2727 763 2816 Amyntas
791 2727 855 2797 boo
881 2731 945 2796 est:
972 2749 1046 2796 oum
1068 2749 1136 2796 non
1159 2728 1286 2798 deesset

353 2875 385 2927 lt
403 2867 530 2926 Eunuoln
548 2873 575 2940 d,
593 2874 620 2939 4,
637 2873 671 2924 21

229 2999 236 3010 '
352 3001 367 3051 1
385 2993 586 3062 oououmbnre‚
603 2991 643 3050 bu
660 2993 693 3049 iss
710 3007 790 3061 eom,
808 2989 848 3050 M
915 2999 931 3050 t
950 2992 1019 3052 iimo
1039 2994 1077 3051 M
1145 3001 1162 3052 8
1180 2995 1285 3070 possim

281 3064 787 3150 marmeno-mnemia
857 3066 1090 3124 dnades's
1156 3069 1287 3125 dlemmo

281 3153 316 3192 sa
333 3141 360 3192 1.
378 3137 410 3192 s's
425 3151 550 3208 osorem
572 3135 683 3192 addidet
701 3135 740 3192 M
812 3141 845 3192 10
862 3152 897 3194 ex
915 3140 1077 3194 mnmtuts?
1094 3152 1129 3194 er
1146 3141 1287 3196 uetustate

87 3155 92 3173 ·
163 3223 171 3235 ·
284 3205 378 3280 Pauly
463 3205 844 3264 tenenbusostllrdsosM
936 3207 1288 3267 loadmrraiaaetresoo

282 3277 356 3334 linea
373 3278 412 3335 M
472 3283 505 3333 lo
656 3293 675 3346 ς
746 3283 781 3336 lt
798 3277 958 3336 lrbsdmdus
976 3278 1016 3335 M
1081 3284 1114 3336 1¹1
1132 3281 1287 3338 oruoodrlur

283 3347 322 3404 M
391 3355 424 3406 18
441 3347 528 3405 oubrb
653 3353 689 3404 22
707 3363 781 3406 ιοιιιι
800 3348 839 3404 M
906 3355 942 3406 td
959 3347 1032 3407 illud
1050 3349 1230 3423 aitqualee

281 3423 322 3545 1ιῖ
333 3418 541 3548 εὲοοὲῐέῧμ
606 3425 644 3477 28
660 3417 837 3492 summas,
855 3434 873 3477 a
889 3435 912 3478 s.
929 3421 959 3490 l.,
977 3421 1016 3478 M
1084 3425 1120 3479 29
1138 3425 1287 3482 oonoubrto
