2672 4108
416 105 420 112 ’
449 108 521 166 ODE
540 108 588 180 lv,
607 114 625 167 4
642 111 673 168 et
690 115 715 168 6.
1023 110 1085 178 129

32 229 33 306 1
80 276 134 340 dit
156 268 301 338 occidit
322 293 409 354 spes
432 273 557 339 omnis
579 274 618 336 at
638 272 798 338 fortuna
812 257 946 339 ¹nostri
966 276 1086 340 nomi·

78 360 137 426 nis
168 357 237 439 [ab]
265 353 508 423 Hasdrubale
535 357 780 444 interempto.
822 357 913 432 ¹haec
942 379 977 425 re
1009 379 1087 424 uera

77 447 260 533 frequenter
281 441 399 511 dixisse
422 443 538 512 dicitur
560 443 733 534 Hannibal,
755 466 828 512 cum
842 449 950 534 *caput
973 445 1085 514 iratus
1296 513 1299 524 ,

78 535 126 604 sui
145 533 362 602 Hasdrubalis
385 533 533 620 uidisset,
559 534 645 622 quod
668 532 756 602 Nero
784 534 825 601 de
846 535 1007 604 industria
1029 533 1084 604 ad·
1171 531 1176 542 '
1217 619 1220 624 Δ
1265 531 1286 594 Γ,

76 627 177 694 latum
203 645 243 691 ax
265 621 370 691 Gallia
396 629 473 692 ante
500 628 609 692 castra
631 625 699 693 eius
720 624 804 692 nihil
826 623 931 692 adbuc
952 626 1081 694 edentis
1108 645 1123 690 a

77 715 115 781 de
136 713 198 780 beo
220 709 316 779 caede
337 712 441 800 proici
462 714 611 781 iusserat
701 714 744 782 73
770 712 870 780 nibil
893 711 1083 782 Claudiae
1286 730 1303 774 ’κ

76 823 151 870 non
178 801 389 889 perficient
419 824 562 869 manus.
619 802 700 870 baec
731 803 798 870 iam
833 807 949 889 poetae
984 802 1084 870 uerba
1302 881 1303 884 Ἴ

76 895 159 977 sunt,
179 911 248 956 non
269 889 357 993 anim
379 889 484 958 adhuc
505 889 709 959 Hannibalis.
758 892 805 997 ,⁷5
827 898 867 959 at
888 913 1006 996 curae·
1023 913 1082 958 aa·
1196 893 1199 898 '

76 978 420 1154 cerulea
440 980 1127 1156 circumlinendus
1221 1053 1225 1060 ·
1290 1013 1293 1026 ’

493 1255 566 1316 oon
584 1265 611 1330 s,
629 1263 657 1316 s.

158 1365 270 1434 Diuis
307 1370 390 1434 orte
425 1367 547 1434 bonis.
604 1366 685 1434 haec
715 1361 786 1457 cidi
821 1366 861 1434 ad
892 1367 1076 1454 Augustum

73 1457 190 1542 scripta
204 1461 254 1522 est
267 1455 387 1524 diutius
400 1456 437 1522 ab
451 1455 677 1522 transmarinis
695 1456 872 1544 prouinciis
889 1459 1083 1542 morantem,

72 1545 181 1631 populi
212 1565 251 1612 ac
281 1549 412 1612 sanatus
443 1544 660 1631 legationibus
692 1545 800 1612 missis
830 1544 968 1612 reditum
1003 1545 1074 1611 eiua
1104 1613 1108 1620 ,

72 1637 244 1718 precatum.
303 1633 323 1699 6
341 1633 470 1699 instar
491 1632 596 1698 ueris
619 1634 722 1700 enim
743 1634 878 1701 uultus
900 1632 966 1699 ubi
987 1635 1077 1698 tuus
1091 1651 1119 1694 rs

71 1721 232 1787 adfulsit
283 1721 346 1787 hcc
380 1724 444 1787 est:
471 1722 655 1807 praesentia
682 1727 740 1788 tua
768 1720 808 1788 ad
831 1722 1078 1788 instetuemus

70 1809 191 1896 gratiae
218 1808 438 1876 exhilarantur
465 1810 582 1876 omnia
650 1809 671 1876 9
698 1815 741 1877 ut
759 1815 879 1877 mater
900 1859 909 1876 .
931 1859 940 1876 .
961 1813 1078 1876 accat

70 1899 140 1966 ordo
162 1904 222 1967 est:
244 1902 282 1964 ut
303 1901 407 1965 mater
427 1898 578 1965 iuuenem
596 1902 805 1966 cunctantem
822 1898 930 1987 spatio
948 1897 1078 1986 longius

45 2047 46 2050 ,
69 2009 175 2055 annuo
189 1989 276 2054 uotis
289 1987 452 2053 ominibus
465 1990 499 2053 et
514 1986 663 2072 precibus
686 1992 792 2055 uocat
827 1989 1078 2055 cunctantem
1107 2055 1113 2066 ,

69 2079 174 2142 autem
205 2075 427 2143 demorantem
458 2073 631 2162 significat,
662 2079 700 2142 ut
730 2075 816 2163 apud
842 2071 1120 2163 Uergiliumzrt
1194 2145 1198 2152 ,

69 2161 252 2252 Reginam
274 2164 445 2231 thalamo
469 2167 715 2230 cunctantem
738 2164 783 2231 ad
806 2163 946 2230 limina
963 2162 1077 2250 primi
1209 2193 1214 2200 ·

48 2249 281 2320 Poenorum
303 2255 538 2338 exspectant
630 2251 671 2319 15
694 2253 749 2318 sic
771 2250 977 2319 desideriis
998 2251 1078 2318 icta

68 2339 252 2407 fidelibus
280 2341 434 2426 quaerit
461 2339 592 2426 patria
619 2337 831 2407 Caesarem.
876 2341 956 2408 icta
978 2339 1076 2427 parti·

68 2427 222 2512 cipialitar
244 2428 362 2495 dicitur
382 2432 417 2495 et
437 2427 600 2516 siguificat
622 2427 807 2513 ‘pereussa’.
885 2429 926 2497 18
949 2427 1078 2495 nutrit

66 2535 153 2582 rura
193 2514 308 2583 Cerea
352 2517 527 2602 almaque
571 2515 784 2583 Faustitas.
851 2516 1117 2583 adnotandumss
1231 2545 1236 2554 ·
1302 2531 1303 2542 ¹

66 2623 182 2672 noman
200 2602 389 2670 ‘Faustitas'
406 2605 453 2671 sio
471 2604 593 2671 dictum
611 2605 705 2692 quasi
723 2603 862 2672 felicitas
880 2607 938 2671 aut
959 2604 1070 2674 iucuue
1190 2643 1196 2654 ·
1302 2613 1303 2624 ¹

66 2690 157 2759 dites
240 2693 284 2758 22
306 2713 386 2760 mos
409 2697 447 2760 et
468 2693 528 2759 lex
551 2692 787 2768 maculosum
810 2692 981 2760 edomuit
1009 2713 1070 2758 ue·

64 2781 130 2848 las.
184 2782 349 2867 eleganter
378 2781 508 2849 uidetur
539 2804 609 2849 eam
636 2782 742 2870 legem
769 2781 954 2870 siguificare
978 2803 1074 2868 quam

66 2883 111 2940 Du
129 2883 351 2943 incursans
369 2883 625 2944 conscensum
648 2871 782 2971 sanent
853 2871 897 2939 24
925 2870 1073 2958 eulpam
1108 2971 1112 2976 Ι
1138 2959 1161 2980 ·,

67 2984 277 3000 m

79 3031 373 3100 'Mmam

133 3175 257 3235 adamae
274 3177 300 3229 ce
317 3171 399 3229 lratn
417 3171 456 3229 M
516 3175 658 3232 truserat
675 3172 714 3230 M
774 3170 983 3230 ebanmabslrs
1001 3171 1040 3228 M
1157 3221 1159 3228 .

68 3249 98 3302 18
116 3247 220 3305 scribta
238 3245 276 3304 M
347 3243 505 3303 retamim
523 3245 562 3302 M
632 3250 665 3304 10
685 3261 758 3302 auno
777 3243 815 3301 Μ
884 3243 1016 3302 ommbus
1035 3241 1074 3300 Μ

119 3326 167 3406 ,26
184 3319 317 3383 lellrortas
336 3315 375 3372 Μ
404 3388 411 3402 .
449 3317 636 3403 senatulum
656 3319 695 3374 Μ
709 3317 846 3374 adulteria
863 3317 947 3374 aium
966 3316 1044 3374 Paul
1062 3357 1069 3373 .

64 3389 372 3518 illimem
396 3387 1069 3546 ulin1mlllfflll¹¹nrn

65 3529 85 3586 l.
102 3529 134 3589 D.
152 3533 184 3588 A.
204 3531 234 3590 c.
253 3557 287 3580 ι-
305 3530 351 3587 lex
368 3529 442 3586 luha
458 3529 494 3588 da
511 3530 659 3589 adulter-ru
676 3532 857 3590 cohercenda
874 3531 924 3590 Gr.
943 3530 1070 3590 [aad.

64 3598 127 3657 Kal
144 3603 208 3659 ΙΙΙ
218 3620 251 3674 p.
268 3607 373 3662 met
389 3605 450 3660 322
468 3607 494 3658 et
511 3605 573 3661 su.
613 3617 701 3676 pom
719 3603 788 3662 Imt
804 3603 827 3662 1.
845 3611 872 3676 4,
891 3609 934 3676 18,
951 3611 978 3661 4.
1005 3602 1069 3674 Drg.

113 3705 278 3752 Ponuntur.
842 3697 858 3748 2
