2708 3842
312 110 314 116 ν
448 65 609 137 'Eronos
627 85 670 137 1⁷.
1004 80 1067 146 175
1091 107 1095 112 ·
1125 107 1157 146 ·.

59 245 98 310 et
119 241 358 309 uerecundus
381 209 498 310 color.
553 241 615 308 sibi
637 241 717 309 dicit
738 239 894 309 Horatius
916 241 997 309 haec
1018 241 1066 310 fu·
1265 226 1268 234 ’

58 331 145 418 gisae
158 352 217 416 per
236 331 423 418 cruciatum,
445 353 540 418 quem
554 331 595 397 de
608 331 804 399 carminibus
817 331 903 398 illius
917 331 1066 418 patiatur.
1162 403 1170 412 ‚
1229 351 1235 361 ·

58 421 276 487 uerecundum
297 424 406 488 antem
429 420 569 487 colorem
591 422 756 510 eleganter
772 442 832 506 pro
849 421 965 488 rubore
978 420 1080 513 dixit,¹
1116 471 1122 480 .

58 528 98 574 ex
131 529 195 594 quo
227 508 390 596 significat
421 531 455 576 sc
486 511 616 596 pallere.
710 509 753 576 23
784 509 863 576 tuis
900 510 1070 597 capillus·
1170 535 1172 542 ·
1258 489 1261 498 ’

58 596 169 664 albus
195 601 256 665 cst
281 596 474 665 odoribus.
532 620 619 666 nuuc
651 597 806 684 ostendit,
837 618 937 685 quare
968 619 1091 685 supras
1168 625 1221 682 'j

57 686 175 752 dixerit
196 687 300 774 fugit
322 687 511 754 iuuentas.
573 688 788 755 24nu11um
812 708 833 753 a
853 687 986 755 labore
1009 707 1064 753 me

56 775 225 841 reclinat
246 775 376 842 otium.
412 776 558 844 laborem
580 775 680 842 animi
703 775 775 842 uult
796 775 951 863 intellegi,
973 775 1065 861 quasi
1163 791 1167 797 “
1262 778 1266 790 ’
1298 859 1302 873 1

57 863 249 950 quibusdam
262 865 434 931 tormentis
448 865 548 932 animi
561 887 620 951 per
633 865 788 937 ueneficia
801 864 887 930 illius
897 863 1063 931 crucietur.

122 951 166 1019 25
179 973 300 1038 neque
319 955 380 1019 est
396 952 527 1020 leuare
545 957 654 1020 tenta
670 953 812 1039 spiritu
827 951 1063 1039 praecordia

53 1039 195 1126 figurata
216 1041 355 1108 elocutio
382 1062 505 1127 neque
534 1045 593 1108 est
614 1042 744 1108 leuare
766 1062 841 1128 pro:
864 1061 968 1127 neque
990 1061 1104 1107 couno
1201 1051 1203 1056 '
1247 1016 1251 1022 ⁵

54 1129 154 1216 tingit
175 1132 212 1196 ut
234 1129 392 1197 leuentur.
460 1131 503 1198 28
527 1127 682 1196 Sabella
704 1134 839 1215 pectus
861 1129 1084 1215 increpare¹

54 1217 234 1284 carmina.
287 1217 378 1304 ipsis,
400 1217 516 1304 inquit,
538 1219 631 1284 malis
655 1218 813 1285 adductus
836 1239 917 1304 sum,
938 1220 976 1283 ut
997 1229 1065 1283 cre·
1117 1223 1119 1228 “
1220 1229 1232 1286 ,’
1300 1275 1304 1298 ,

53 1305 128 1372 dam
150 1303 287 1374 Sabellis
314 1307 511 1374 carminibus
539 1307 635 1394 deligi
656 1311 782 1373 mentes
802 1305 973 1373 humanas.
1007 1303 1062 1372 Sa·

53 1392 138 1459 bella
159 1398 268 1461 autem
290 1396 437 1461 carmina
457 1418 516 1482 pro
529 1393 647 1462 Marsis
664 1395 775 1483 posuit
796 1399 831 1462 et
851 1394 981 1461 neniam
1003 1414 1061 1480 pro
1201 1455 1204 1460 ,
1265 1376 1273 1456 ¹:
1302 1411 1305 1451 τ

51 1482 281 1550 incantatione.
317 1484 461 1570 alioquin
473 1483 572 1550 nenia
589 1485 718 1571 proprie
741 1505 871 1551 carmen
893 1487 952 1568 cst,
997 1482 1059 1550 uod
1074 1505 1100 1550 rs

51 1571 188 1637 mortuis
201 1575 360 1639 canaan.
415 1571 459 1638 35
479 1571 581 1638 cales
604 1571 766 1638 uenenis
790 1571 954 1638 officina
975 1505 1060 1662 idol·
1096 1607 1098 1612 ·

51 1657 183 1726 chicis.
218 1660 324 1746 ipsam
347 1660 513 1727 mulierem
536 1660 699 1727 officinam
720 1681 920 1727 uenenorum
943 1659 1059 1726 diserte

50 1744 140 1813 dixit.
176 1745 335 1815 Colchicis
349 1753 458 1816 autem
471 1748 680 1816 manifestum
698 1754 748 1815 est
767 1752 900 1835 propter
912 1745 1072 1815 Medeam

49 1835 122 1904 dici.
204 1837 247 1905 36
275 1858 371 1924 qnae
400 1837 495 1904 linis
519 1841 586 1904 aut
607 1838 707 1925 qnod
730 1860 786 1905 me
808 1841 945 1903 manet
990 1836 1059 1903 sti·

49 1925 229 2010 pendium
252 1927 346 2014 quasi
367 1927 526 1994 tributum
549 1928 621 1993 uult
637 1927 793 2014 intellegi,
815 1926 902 2012 quod
925 1929 1098 2012 apparatae
1223 2006 1227 2013 Ι

51 2034 91 2080 ex
113 2036 166 2101 eo,
194 2017 281 2102 quod
303 2015 416 2082 statim
438 2016 538 2082 infert
559 2016 686 2082 iussas
709 2037 791 2082 cum
812 2014 892 2082 lide
914 2034 1058 2101 poenas

48 2102 159 2170 luam.
204 2105 249 2170 42
266 2105 423 2171 infamis
437 2103 607 2171 Helenae
624 2102 762 2172 Oastor
779 2104 955 2171 offensus
973 2103 1057 2169 uice

49 2196 82 2256 et
108 2196 225 2259 cetera.
270 2191 491 2260 Stesichorum
517 2195 610 2260 aiunt
635 2198 840 2261 excaecatum
863 2213 942 2279 esse,
971 2192 1067 2278 quod·

48 2278 184 2346 infamia
206 2282 351 2348 carmina
370 2282 405 2348 in
427 2280 586 2349 Helenam
607 2281 746 2349 fecisset
788 2281 905 2349 deinde
927 2279 1057 2348 oraculo

47 2367 249 2436 admonitum
262 2370 460 2456 palinodiam
474 2370 587 2437 fecisse
605 2369 639 2436 id
658 2374 708 2437 est
729 2370 892 2437 contrario
915 2368 1056 2436 carmine
1070 2390 1097 2434 ss
1160 2389 1162 2393 ·
1207 2377 1211 2384 “
1250 2346 1277 2390 ·’
1307 2449 1313 2461 .

47 2479 119 2524 eam
151 2457 298 2526 laudasse
330 2463 364 2526 et
389 2458 513 2525 lumina
539 2459 706 2546 recepisse.
794 2458 839 2526 45
867 2458 973 2526 solue
1000 2480 1055 2526 me

47 2545 248 2612 dementia
282 2547 361 2614 ordo
385 2553 448 2614 est:
471 2550 561 2615 solue
583 2569 635 2614 me
658 2547 828 2614 dementia
864 2568 942 2622 nam
964 2551 998 2613 et
1018 2550 1055 2612 tu
1152 2569 1154 2572 ·

44 2639 147 2720 potes.
236 2637 280 2703 46
309 2659 328 2704 o
355 2659 424 2704 nec
450 2636 626 2724 paternis
654 2636 835 2704 obsoleta
865 2633 1054 2704 sordibus

44 2723 261 2792 urbanissime
297 2726 432 2794 obscure
467 2727 584 2795 dicitur
622 2726 740 2812 ironia3
780 2725 815 2792 in
856 2725 1054 2792 contrarium

44 2834 183 2901 namque
210 2815 399 2902 accipienda
423 2814 513 2882 haec.
570 2815 642 2902 qnia
671 2815 759 2882 enim
782 2814 829 2882 sic
851 2814 976 2901 hudat,
998 2812 1120 2900 qniss‘
1322 2901 1327 2908 ι

45 2902 233 2989 simpliciter
258 2904 341 2992 agit:
370 2927 390 2970 o
418 2925 501 2989 quae
527 2925 596 2971 nou
627 2925 661 2970 cs
687 2903 809 2971 sordidi
835 2903 964 2992 generis
992 2923 1053 2968 nec

46 3013 120 3058 ossa
146 2992 290 3060 humana
316 2992 358 3059 ad
385 2993 547 3059 maleficia
571 2991 697 3080 colligis
719 2991 920 3078 etreliqua?
1008 2990 1064 3092 48,
1123 2995 1127 3004 ’
1175 3035 1180 3044 -
1237 2989 1272 3024 '¹

113 3155 128 3204 2
148 3154 275 3205 ornatum
294 3151 331 3220 (m
347 3165 383 3203 m.
401 3153 429 3206 2.
448 3165 470 3205 a.
489 3149 518 3221 1.)
537 3155 562 3205 et
580 3157 597 3207 8
615 3149 722 3206 crudus
741 3149 779 3205 M
829 3155 846 3205 2
864 3149 961 3206 lauare
980 3148 1022 3204 Μ·

45 3224 77 3274 10
95 3221 218 3291 contigat
235 3219 274 3274 M
344 3223 377 3274 13
396 3219 570 3281 maelloru
640 3228 673 3277 1⁶
691 3218 870 3277 cholohrsM
940 3225 973 3276 1⁷
987 3223 1052 3290 post
1192 3305 1200 3312 Ι
1247 3227 1272 3265 ’.

42 3288 165 3346 cholchis
182 3290 294 3346 uidetur
313 3305 385 3345 canu
402 3290 435 3346 ia
453 3291 493 3346 M
507 3291 639 3362 tenplum
656 3307 711 3348 esse
790 3297 824 3350 1⁸
841 3289 992 3350 eholohrors

43 3361 164 3416 medum
182 3360 253 3416 drcrt
271 3359 310 3417 M
380 3365 414 3417 12
452 3377 488 3419 ua
507 3363 546 3418 M
614 3369 648 3420 21
667 3379 754 3435 penas
773 3363 812 3419 M
871 3367 906 3418 22
925 3361 1050 3419 stache-

42 3446 102 3486 mm
122 3431 161 3487 M
230 3434 393 3489 excecatum
519 3439 553 3491 26
571 3449 611 3491 re·
628 3449 752 3506 coepisse
772 3435 811 3491 M
871 3439 906 3491 28
924 3431 1050 3491 obsoleta

43 3499 80 3556 M
149 3508 183 3559 22
202 3502 388 3561 urbanissime
406 3505 525 3568 obscure
544 3505 583 3562 M
598 3505 785 3580 urbmiesima
802 3505 918 3564 obscure
935 3519 986 3562 noe
1002 3521 1048 3560 m·
1160 3533 1163 3538 ·
1218 3505 1223 3514 '
1271 3574 1276 3582 ¹
1339 3520 1346 3528 '

43 3567 193 3629 lenissime
211 3573 330 3632 obscura
348 3593 366 3645 ς
