2708 3842
418 134 540 194 sunno
560 136 581 206 1,
600 143 625 207 a,
643 141 757 192 sc-oa
1022 133 1089 200 209
1117 119 1121 128 ’

80 272 137 368 ait
226 303 270 370 34
296 301 425 368 fenum
451 300 569 369 habet
600 299 639 366 iu
667 320 785 366 cornu
818 299 941 387 [longe]
973 299 1089 386 longe

78 391 220 480 fugetr.
278 391 439 460 imitetiuo
467 390 652 458 charactere
679 387 741 456 hoc
763 388 859 477 fingit
881 411 954 456 oum
975 389 1090 475 dicere,

81 481 138 566 qui
170 481 212 549 ob
244 482 476 550 conscientiam
506 485 713 567 peccatorum
749 479 863 546 timeat
898 479 1088 546 maledicum

81 574 220 657 poetam.
251 573 373 640 Romae
392 575 500 638 autem
518 569 665 638 uidemus
684 568 843 656 hodieque
865 568 976 636 fenum
999 569 1130 636 uelut.
1195 605 1204 622 ·
1272 619 1275 626 ⁴

79 661 281 742 'sensuram
307 663 427 729 factem
455 662 490 728 in
517 683 618 728 cornu
645 661 723 726 boui
749 659 841 747 poni,
868 680 931 745 quo
959 659 1116 746 signums

82 749 177 816 datur
198 751 451 837 transeuntibus,
480 754 517 818 ut
539 771 613 816 eum
636 750 749 816 uitent
807 747 861 816 hic
884 769 961 836 ergo
983 753 1088 815 trans·

81 839 160 906 letio
184 841 225 907 ad
246 847 385 929 poetam.
466 841 509 907 36
533 861 664 907 omues
688 838 832 927 gestiet
853 861 874 904 a
895 839 1008 905 furno
1031 859 1088 903 re·

79 927 241 996 deuntce
264 931 362 996 scire
385 931 418 996 id
442 933 504 996 est:
528 929 626 996 etiam
648 929 800 1015 uulgares
818 925 993 1011 uultscire,
1016 947 1101 992 cum·

81 1016 233 1086 melodice
257 1018 295 1087 de
318 1043 384 1088 uno
408 1041 535 1107 quoque
558 1017 683 1085 dixerit.
723 1043 726 1054 ¹
767 1017 810 1085 39
834 1016 994 1104 primum
1017 1037 1088 1104 ego
1187 1091 1190 1098 ‚

80 1129 137 1174 me
163 1108 319 1178 illorum
346 1115 379 1178 et
404 1109 537 1196 reliqua.
595 1109 674 1176 ordo
704 1113 767 1176 eet:
791 1107 930 1195 primum
952 1127 1013 1194 ego
1036 1129 1087 1173 me
1102 1127 1129 1169 rc

79 1196 209 1265 illorum
232 1200 389 1287 excipiam
412 1221 556 1283 numero,
580 1198 695 1285 quibus
718 1197 859 1265 dederim
876 1200 989 1282 poetas
1008 1219 1088 1263 esse.

80 1307 196 1354 sensus
218 1293 269 1355 est
290 1292 413 1356 autem:
436 1289 576 1375 primum
599 1287 744 1354 omnium
767 1307 828 1373 ego
847 1307 897 1352 me
915 1307 983 1353 non
1000 1306 1087 1371 pono
1102 1315 1146 1354 „f

79 1375 114 1442 iu
137 1399 272 1446 numero
295 1401 415 1465 eorum,
438 1400 519 1465 quos
542 1377 711 1445 consentio
734 1381 847 1464 poetas
868 1397 948 1462 esse,
969 1375 1088 1462 quippe

80 1469 221 1535 sermoni
243 1468 420 1536 cottidiano
443 1467 597 1554 propiore
619 1468 772 1556 scribens.
839 1467 883 1534 43
910 1470 1024 1553 atque
1047 1487 1088 1532 os

79 1577 216 1644 magna
251 1567 372 1626 sonat.
429 1557 462 1624 id
493 1561 556 1624 est:
588 1577 723 1644 magnas
750 1579 802 1622 res
829 1556 964 1642 loquens
992 1577 1028 1623 oe
1056 1559 1129 1622 etse

79 1645 231 1710 sublimia
244 1667 373 1712 canem.
426 1648 469 1712 47
489 1646 565 1713 nisi
585 1645 684 1732 quod
705 1646 799 1731 pede
823 1648 928 1722 certo
951 1643 1089 1710 differt
1137 1673 1148 1693 .
1171 1711 1178 1720 ‚

35 1819 37 1824 Ι
79 1734 259 1801 sermoni:
297 1736 352 1821 qui
382 1736 418 1802 in
449 1735 616 1803 comoedia
646 1735 698 1800 uel
730 1735 765 1800 in
792 1733 938 1800 uersibus
967 1733 1088 1799 nostris
1163 1739 1168 1745 “

78 1823 273 1890 continetur.
330 1823 393 1891 hoc
424 1826 493 1892 solo
527 1825 633 1890 differt
666 1825 825 1909 ἔμμετρος
855 1843 976 1906 sermo,
1002 1821 1088 1909 quod

77 1911 135 1979 illo
159 1917 263 1981 metro
282 1913 500 1981 concludetur.
554 1913 597 1979 49
622 1913 721 2000 quod
743 1910 947 1979 meretrice
969 1933 1088 1997 nepos

76 2000 240 2070 insanus
268 2004 390 2069 amica
417 2003 534 2069 filius.
592 2002 711 2068 bellam
744 2000 973 2068 obscuritatem
1000 2001 1128 2066 odie-so
1264 1991 1266 1996 ¹
1328 2063 1351 2120 ἢ

79 2091 182 2158 cteuit
204 2091 316 2179 ‘nepos
338 2091 436 2159 filius’
466 2091 615 2176 dicendo,
647 2091 704 2157 aed
736 2089 861 2178 ‘nepos’
893 2090 946 2157 hic
976 2088 1089 2157 ‘uorax

78 2185 176 2267 atque
201 2181 369 2267 prodigus'
392 2181 639 2268 intellegendus.
728 2181 769 2246 51
802 2179 931 2246 ebrius
954 2185 993 2245 ct
1014 2200 1088 2244 ma·

77 2289 193 2356 gnum
221 2271 320 2356 quod
343 2268 505 2336 dedecus
529 2269 701 2335 ambulat
722 2273 810 2335 ante
832 2270 983 2334 noctem
1006 2288 1087 2334 cum

77 2357 238 2424 facibus.
270 2357 349 2425 ordo
369 2362 432 2424 est:
456 2359 542 2444 quod
565 2357 672 2424 ebrius
694 2358 839 2424 ambulet
861 2359 937 2422 ente
959 2359 1087 2424 noctem
1122 2427 1126 2436 ,
1198 2393 1204 2402 ·
1238 2421 1243 2428 .

76 2466 150 2511 curn
168 2447 303 2532 fecibus,
322 2446 409 2533 quod
427 2447 538 2534 magni
552 2446 715 2513 dedecoris
733 2469 786 2513 res
803 2451 861 2513 est
915 2446 958 2512 52
981 2467 1087 2511 num·
1100 2467 1128 2510 as

77 2534 168 2620 quid
190 2534 426 2621 Pomponius
449 2534 539 2600 istis
562 2535 715 2600 audiret
736 2535 895 2600 leuiore„
927 2533 1019 2598 'mira
1035 2555 1089 2598 ur·

77 2621 223 2688 bonitate
250 2627 284 2688 et
311 2623 524 2689 amaritudine
546 2621 706 2709 Pomponi
733 2644 873 2708 persona
895 2623 1015 2688 abusus
1038 2624 1089 2687 eet

77 2711 169 2796 quasi
192 2713 376 2799 argumenti
398 2711 480 2796 loco,
502 2714 540 2778 ut
561 2733 635 2777 eum
663 2714 818 2797 carperet
906 2709 1087 2796 55'quem

76 2799 110 2865 ei
146 2800 344 2868 dissoluas
380 2801 509 2885 quiuis
546 2800 812 2866 stomachetur
847 2799 977 2866 eodem
1013 2819 1086 2883 quo
1191 2831 1193 2836 ·

75 2893 310 2976 personatus
332 2893 446 2975 pacto
474 2892 593 2975 pater.
651 2909 747 2973 quem
769 2909 900 2953 uersum
923 2885 952 2952 si
974 2884 1128 2954 disset-ao

147 3088 164 3136 a
184 3081 284 3153 fugetr,
302 3083 404 3138 turam.
424 3085 528 3150 (turam
545 3081 660 3138 deletum
678 3081 726 3151 est)
742 3079 780 3136 M
795 3078 862 3152 iuge
880 3079 1051 3152 etreliqua?

76 3159 93 3210 t
112 3153 238 3210 ansulam
256 3171 275 3222 ς
345 3170 432 3210 cornu
453 3169 517 3210 reos:
540 3153 654 3210 cornulo
673 3152 712 3209 M
781 3152 899 3210 thino?
973 3151 1086 3209 112110·

75 3243 138 3281 rum
156 3227 186 3282 et
202 3224 313 3296 rehqua
332 3240 469 3295 excipiam
489 3225 528 3280 M
598 3232 631 3282 18
649 3239 756 3281 mmero
774 3240 870 3281 eorum
889 3223 965 3296 quod
984 3225 1022 3280 M

75 3313 136 3353 esse
155 3313 251 3354 semus
269 3298 314 3352 est
331 3297 427 3352 autem
444 3313 550 3368 qnippe
569 3297 608 3352 M
700 3304 734 3353 14
751 3311 898 3380 propriore
917 3295 956 3351 M
1053 3301 1086 3378 ¹.⁶

75 3365 414 3509 drigiiudicoeseiinoniii
431 3365 1087 3510 qurcorenemrgerssplmonpgpffioogoffiupp

75 3507 174 3565 meros
193 3509 232 3564 M
311 3507 481 3564 nobellum
500 3508 596 3565 erilem
615 3509 654 3566 M
736 3515 771 3566 21
790 3507 851 3566 irlro
987 3515 1021 3567 25
1039 3508 1086 3565 dc·

75 3575 169 3654 deuon
189 3577 227 3634 M
323 3584 357 3634 26
380 3578 476 3636 audire
494 3579 607 3636 letnora
625 3579 664 3636 M
760 3581 796 3649 cs.
816 3580 848 3638 0.
867 3581 955 3650 caua,
972 3579 1086 3638 Horten

76 3645 125 3713 11,
138 3664 171 3715 p.
189 3653 248 3705 218
320 3653 354 3703 28
373 3649 481 3719 caper&
499 3649 538 3704 M
1038 3649 1043 3661 '
