2660 4072
460 111 737 186 oenusrose.
824 59 830 68 ⁴
997 109 1104 177 45
1174 103 1175 109 ‘

161 279 205 345 26
228 277 346 344 fortis
368 281 405 345 et
427 296 584 363 asperas
606 280 778 344 tractare
800 280 1011 364 serpentes.
1041 274 1104 342 hoo

94 366 167 434 ideo
185 365 312 453 dieitur,
330 366 406 453 quis
424 369 607 450 serpentem
625 364 689 431 sibi
706 365 868 452 obposuit,
887 364 978 432 euius
994 385 1105 432 morsu
1185 437 1190 448 ,
1257 401 1272 443 ⁴:

93 455 188 541 perit
254 454 297 520 29
320 453 538 522 deliberata
559 457 682 521 morte
703 453 873 522 ferocior
894 474 919 520 s.
940 451 977 520 L
1008 452 1104 520 deli·
1268 452 1273 533 ξ
1301 469 1302 484 ’

96 545 232 610 herste
253 547 364 609 utrum
385 563 445 629 pro
467 542 612 631 eogitate
633 541 776 630 pesitum
798 546 861 627 est,
883 563 926 608 sn
948 563 1025 610 uero
1049 541 1104 608 ‘de
1271 592 1274 607 .

95 654 159 719 qus
186 630 332 718 plerique
361 630 542 708 deliberent
568 630 603 698 id
632 636 683 699 ast
711 629 888 716 dubitent’,
917 636 956 699 ut
977 630 1021 699 sit
1041 631 1131 698 hocs
1241 635 1277 711 ’ἱ

93 723 286 808 perpetuum
304 719 472 806 epitheton
489 720 613 787 mortis.
645 719 809 807 signifieat
825 722 934 786 autem
951 719 987 786 in
1003 719 1104 805 ipsius
1272 716 1278 805 ζ

94 808 208 876 mortis
231 808 258 876 s'
309 807 469 876 'catione
491 807 788 876 constantissimam
809 807 918 875 fuisse.
978 807 1023 874 30
1043 805 1105 874 Li·
1167 811 1206 886 ,“

93 897 237 965 burnis.
300 897 410 966 iburni
436 918 517 985 gens
544 895 666 984 lllyrici
694 897 800 984 ferox,
830 896 872 963 ad
901 895 1104 964 moriendum
1227 973 1232 982 ,

93 985 308 1074 paratissima.
375 985 419 1054 30
442 985 595 1054 soilioet
622 985 803 1054 insidens
831 985 989 1073 priuata
1020 985 1051 1052 d.
1078 1007 1104 1054 s.
1180 1015 1185 1022 ·

94 1099 126 1144 n.
147 1076 180 1143 h.
203 1099 246 1144 m.
266 1080 290 1143 t
325 1075 506 1143 inuideus
530 1075 652 1144 scilieet
673 1075 838 1164 Augusto,
867 1095 909 1142 ne
931 1073 1104 1162 oeptiuites
1118 1097 1144 1140 ιο

53 1236 59 1243 ,
95 1187 154 1232 suu
182 1165 230 1232 illi
259 1165 482 1253 gloriosiorem
513 1165 794 1250 honestioremque
825 1163 1026 1251 triumphum
1056 1163 1105 1230 is·

94 1259 182 1322 earet
212 1257 339 1321 ornstu
384 1275 463 1327 nem
481 1257 528 1326 ,et
558 1253 669 1322 Titus
700 1249 835 1321 Liuius
865 1252 985 1339 refert,
1015 1253 1105 1320 illam

94 1364 168 1411 oum
190 1342 229 1410 de
251 1342 422 1411 industria⁴
437 1343 478 1411 eb
491 1344 643 1432 Augusto
665 1343 702 1410 in
723 1341 913 1430 oeptiuitete
935 1339 1105 1431 indulgen·
1242 1341 1246 1348 ’

94 1432 160 1499 tius
186 1435 382 1500 tracteretur
407 1432 593 1500 idemtidem
619 1431 725 1500 disere
752 1431 882 1500 solitum
902 1430 1017 1500 luisses
1054 1425 1105 1498 oe

93 1515 362 1608 dpeopdnioopas
385 1520 418 1588 id
441 1525 492 1589 est
512 1543 581 1590 non
602 1519 828 1609 triumphabor
849 1520 891 1588 sb
914 1520 989 1590 alio.
1118 1542 1144 1586 u
1257 1525 1289 1647 l}

510 1714 585 1774 oon
605 1723 629 1787 ι,
648 1721 691 1799 sp.
831 1709 834 1714 ·

181 1824 360 1895 Persicos
396 1824 460 1895 odi
493 1830 844 1914 puer'apparstus.
895 1824 936 1892 ad
968 1847 1105 1914 puerum

93 1937 187 1984 suum
219 1915 259 1984 de
289 1915 453 1984 hilaritate
484 1916 628 2004 loquitur
662 1937 788 2005 negans
824 1915 865 1984 ed
901 1915 1105 2004 uoluptatem

93 2027 284 2163 trude
308 2004 843 2164 relldrlfflhslht‘
855 2009 982 2164 tlh
1010 2027 1105 2162 ²⁸5⁰
1118 2041 1155 2160 ,ς
1243 2099 1247 2110 ·

94 2183 254 2252 dicuntur.
333 2185 355 2252 2
378 2184 589 2272 displioeut
609 2118 732 2252 ieras
754 2183 910 2273 philyra
931 2117 1106 2252 sergiae.

92 2271 156 2340 hoo
173 2278 236 2340 est:
250 2273 424 2359 displioent
439 2295 579 2342 eoronse
592 2275 761 2361 operosius
773 2274 888 2342 laetae.
948 2275 977 2341 e
995 2273 1106 2342 mitte

94 2363 237 2444 seoteri
265 2384 353 2430 ross
382 2384 455 2450 quo
484 2363 657 2431 looorum
685 2385 771 2432 sera
792 2367 972 2431 moretur.
1016 2366 1108 2432 uetat

94 2471 231 2534 puerum
259 2471 455 2553 magnopere
483 2473 577 2518 rosas
606 2451 668 2518 sibi
697 2473 864 2538 quaerere,
895 2473 978 2538 quas
1000 2453 1108 2519 solent

93 2537 159 2604 iam
184 2541 359 2623 praetento
385 2539 472 2604 ueris
498 2544 644 2625 tempore
670 2561 710 2606 er
731 2539 954 2628 frigidioribus
976 2539 1105 2607 adferri.
1118 2562 1145 2606 ss

171 2625 193 2693 5
224 2626 393 2713 simplioi
424 2632 548 2713 myrto
579 2627 681 2695 nihil
709 2627 924 2696 adlabores.
975 2649 1106 2696 sensus:
1210 2663 1214 2670 ·

94 2715 177 2781 nihil
199 2715 369 2783 adlabores
391 2720 499 2802 myrto
521 2717 699 2802 adplicare3
720 2716 856 2803 simplex
875 2717 962 2784 euim
980 2721 1106 2804 myrtus
1150 2789 1186 2801 ,-

93 2801 233 2869 delectet
259 2823 321 2870 neo
349 2804 385 2871 in
413 2803 476 2870 hee
503 2825 539 2871 re
567 2804 645 2872 uolo
674 2803 804 2872 sedulus
834 2805 879 2872 sis
907 2804 942 2872 id
964 2809 1015 2872 est
1037 2806 1106 2874 offi·
1247 2881 1251 2888 ⁴

93 2890 210 3045 pppsilm,
225 2896 265 2958 ut
281 2892 355 2995 plus
373 2913 472 2979 quem
490 2896 596 2980 myrto
615 2893 788 2961 coronaris.
814 2893 904 2962 ‘ordo
918 2898 969 2961 est
982 2898 1106 2962 auum:
1219 2995 1227 3016 .

95 3066 114 3131 s
137 2979 342 3172 offleii
362 2980 1106 3139 iishilfflil‘hiinl‘lmlhffl‘e
1119 3006 1148 3048 ⁸⁰

95 3158 163 3223 tem
184 3177 322 3243 spissam
344 3178 382 3224 ae
404 3179 463 3245 per
482 3156 547 3227 hoo
568 3159 891 3246 umbrosemeooipe.
950 3160 970 3226 7
993 3158 1105 3233 Pleu·

93 3247 156 3312 tus
186 3247 222 3312 in
250 3242 456 3313 Uidularia
493 3252 635 3334 myrtum
671 3253 705 3316 et
729 3249 887 3318 feminino
921 3269 1039 3338 genere
1072 3254 1107 3319 et
1220 3255 1224 3260 “

164 3477 368 3550 tspposuitg
439 3478 601 3536 trsrsM
631 3539 634 3550 ,
670 3455 1005 3554 slyeyrmlybymu'
1070 3487 1103 3538 18

94 3549 462 3678 ooptpptpiteelrpoginffltt
513 3549 624 3621 yrall
709 3550 1106 3611 ethos-eoronam(
