2644 3844
230 172 301 240 254
553 172 675 231 suerro
693 175 728 244 u,
745 181 772 244 ι,
790 179 922 232 ιι-ιιι.

232 338 363 422 togsm
385 333 498 402 iubeo
520 355 763 422 componere,
789 334 865 422 quio
885 333 922 400 hi
943 333 1129 422 diligentius
1151 331 1242 400 sudi·

233 427 304 510 unt,
338 423 395 510 qui
425 423 514 490 uultu
544 423 696 490 eonoinni
718 426 802 490 sunt
846 422 1036 526 ullegoriooe
1057 425 1173 489 totum.

232 511 276 580 83
309 511 442 580 neseio
477 533 526 579 en
555 511 793 598 Anticyram.
839 511 1000 598 Αιιιογιιι
1030 508 1185 598 oppidum
1207 514 1242 576 et

230 599 338 667 insule
358 599 422 672 boo
443 600 587 687 nomine,
618 601 704 668 siout
724 598 914 669 (llerunus
935 602 1087 685 teslutur,
1118 598 1153 666 in
1175 619 1240 684 que

114 743 127 752 .
201 689 408 757 sellebornrn
420 689 595 775 plurimum
606 690 759 794 nescitur.
780 693 815 757 et
835 689 914 757 ulibi
933 686 1105 776 Nuuiget
1124 687 1239 754 Anti·

230 778 951 966 llliffurealnlltnl'rirllllllllsemlltlberill
967 774 1238 931 lllldlleglel.

229 973 301 1018 mus
323 951 394 1018 furt
438 973 478 1018 eo
503 972 604 1040 usque
631 951 853 1038 megmtudine
880 953 1033 1038 peouniee
1060 951 1237 1019 delectetur

159 1085 162 1092 -
228 1043 292 1125 est,
326 1041 376 1124 ut,
415 1059 488 1104 oum
523 1039 620 1104 linem
651 1040 739 1106 uites
774 1039 998 1124 intellexisset,
1040 1041 1113 1122 [et]
1136 1041 1237 1104 teste·

187 1130 339 1194 umento
371 1125 419 1193 ite
443 1126 647 1213 inscriberet,
681 1131 720 1194 ut
749 1125 883 1194 heredes
915 1127 965 1193 rui
994 1126 1140 1211 repulere
1168 1124 1239 1192 eius

227 1213 453 1301 insculperent,
475 1215 546 1300 quis
568 1218 724 1300 quuntum
736 1215 772 1282 in
784 1219 911 1302 purtem
924 1215 1106 1301 sumpserit
1150 1212 1237 1300 quod

228 1301 256 1369 si
278 1302 314 1370 in
335 1303 443 1391 ulique
465 1303 594 1371 mentiti
607 1307 725 1388 essent,
747 1302 987 1390 dampnationis
1000 1302 1131 1369 nomine
1143 1301 1237 1389 perio

227 1395 357 1459 eentm
378 1390 594 1479 gludiutorum
624 1392 746 1479 populo
776 1391 968 1460 exhiberent
986 1395 1022 1458 et
1042 1391 1172 1478 epulum
1194 1390 1236 1457 ed

226 1481 304 1548 Arri
325 1481 536 1569 uolunbstem,
556 1481 613 1570 qui
634 1482 816 1548 luxuriosus
838 1480 911 1548 fuit
955 1480 1152 1568 dampnati
1174 1501 1234 1568 pro
1292 1481 1296 1489 '

186 1569 355 1638 medlioti
421 1571 465 1638 94
487 1571 571 1658 ipse
593 1570 792 1639 uideretur
813 1569 899 1638 sibi.
920 1571 1084 1658 nequior
1104 1591 1164 1657 pro
1187 1569 1235 1636 lu·

226 1659 386 1728 xuriosior
412 1663 451 1727 ut
477 1663 513 1726 et
532 1681 631 1747 supro
665 1659 781 1728 Illum
817 1664 885 1727 eut
920 1656 992 1750 [et]
1028 1658 1235 1746 nequities.

314 1749 357 1817 97
389 1749 515 1820 elutus
544 1749 622 1818 erit
651 1749 777 1817 iustus
805 1748 924 1818 fortis
946 1749 1110 1836 sepiens.
1154 1749 1235 1816 heeo

225 1837 366 1908 ironioos
388 1837 477 1908 dixit
546 1839 609 1908 100
638 1837 804 1908 Greeous
825 1838 1064 1927 Aristippus.
1107 1838 1180 1906 uult
1201 1842 1236 1905 et

217 1929 312 2004 ¹huno
331 1928 534 2018 Aristippum
556 1929 707 1998 insenum
729 1930 841 2018 uideri,
863 1929 920 2020 qui
940 1928 1121 2016 peouuium,
1142 1927 1233 1996 ouius

184 2037 303 2086 murno
325 2021 643 2107 essetneoesserius,
678 2019 839 2089 obiecerit
917 2019 979 2088 103
1014 2018 1114 2086 nihil
1150 2019 1235 2105 egit

224 2108 436 2196 exemplum
470 2108 578 2178 litem
613 2109 713 2198 quod
747 2110 818 2178 lite
852 2107 1024 2178 resoluit
1068 2107 1234 2174 senensis

224 2201 289 2264 est:
305 2199 500 2286 exemplum,
522 2199 607 2302 quod
629 2200 665 2266 iu
686 2223 721 2267 se
739 2199 961 2287 quaestionem
974 2200 1009 2264 et
1019 2197 1111 2264 litem
1124 2196 1233 2283 hebet,

222 2309 292 2354 non
312 2292 363 2354 est
379 2308 500 2356 uerum
526 2288 688 2376 intellego,
710 2287 825 2376 iuquit,
847 2309 898 2355 me
911 2285 1073 2355 enumeris
1086 2283 1233 2372 exemplu

222 2375 378 2463 posuisse.
422 2377 575 2466 quonium
606 2381 850 2465 argumentatus
877 2398 947 2444 non
976 2377 1059 2462 eret,
1093 2379 1166 2442 uter
1192 2396 1232 2442 ex

182 2465 274 2532 urhis
304 2466 439 2534 insenm
468 2471 568 2553 esset,
602 2487 690 2533 nuno
724 2467 773 2533 uit
808 2486 842 2532 re
878 2465 1098 2553 probatum
1166 2465 1229 2532 141

221 2554 321 2641 quod
352 2553 553 2641 splendide
580 2554 681 2623 bilis.
725 2549 808 2624 κατὰ
829 2549 1031 2642 ἆπίφρασιν
1053 2552 1156 2621 ‘eus’
1177 2555 1230 2620 uel

228 2642 352 2712 ‘fluus’.
402 2644 467 2712 142
488 2666 633 2732 peuper
654 2643 836 2732 Opimius.
858 2644 904 2713 sio
927 2643 1045 2712 dieitur
1069 2643 1230 2732 Magnos

220 2729 323 2800 inter
344 2753 435 2821 opes
457 2733 569 2821 inops
591 2738 626 2802 et
641 2733 702 2800 hee
716 2735 822 2822 figere
834 2731 955 2802 ‹liotum
968 2736 1019 2800 est
1032 2755 1097 2820 quo
1118 2732 1229 2800 diues

220 2841 332 2908 opum
353 2845 413 2910 pro
436 2823 595 2909 ‘opibust
669 2822 732 2891 143
768 2821 832 2911 qui
857 2821 1124 2890 Ueientanum
1158 2841 1229 2908 pes·

291 2943 514 3002 emeeeroo
587 2950 864 3015 somnum
935 2943 1180 3014 evenerum

220 3021 256 3074 2⁸
272 3014 357 3090 Uerg.
374 3016 444 3074 Aen
463 3022 490 3088 ι,
508 3021 542 3073 22

288 3151 307 3202 e
338 3145 380 3232 es..
407 3141 439 3204 0.
471 3143 551 3202 Jobn
581 3142 659 3201 Mne.
690 3141 777 3202 noes
800 3147 820 3202 9
842 3143 950 3230 (184⁴),
967 3149 1027 3202 02⁷
1099 3149 1115 3201 e
1146 3141 1228 3202 heres

29 3318 32 3327 .
219 3216 259 3274 Μ
289 3216 581 3362 leur-r
600 3219 840 3344 ..euleu
854 3232 1024 3358 urs
1054 3215 1229 3345 erue

169 3357 718 3434 ,momentanearum
790 3365 824 3417 le
850 3357 1024 3416 mdeturM
1094 3365 1128 3417 le
1154 3357 1226 3416 illud

217 3432 521 3572 eume,
547 3429 839 3560 umet.
857 3431 1228 3574 uereor...
1281 3517 1284 3524 .

218 3574 313 3649 Puulp
360 3575 535 3634 rrum!
579 3571 1096 3646 isutmrudemllertridemg
1139 3578 1217 3631 rem

216 3645 686 3792 siukoovrrcgmlangofflul
728 3645 948 3720 iloprmnrll
993 3615 1228 3718 teutqmll
