2660 4072
70 76 79 296 ί
201 115 206 122 ·
511 99 584 158 ouu
602 101 625 172 1,
643 105 668 156 a.
1073 101 1092 166 7
1148 83 1156 138 ἱ
1194 111 1207 178 '.

89 269 118 334 a.
141 241 191 334 u'
208 263 395 348 ambiguum
421 265 531 328 uum
558 260 673 328 debes
705 259 1094 328 censuariorum
1131 265 1135 273 ·
1166 245 1171 252 “
1209 249 1213 268 ·
1252 323 1263 334 ,

70 299 235 422 [finibus
258 351 403 417 Atticis
425 348 562 416 reddas
580 349 800 434 accipiendum
818 350 869 416 sit
914 350 1094 417 detscr·
1233 369 1263 380 ··

69 446 153 508 'ues
175 439 323 506 animae
345 436 545 504 dimidium
566 455 680 502 meae.
724 435 950 504 suauitcrhoc
971 436 1092 504 dictum
1153 503 1158 510 ,
1230 495 1232 509 ,

91 527 264 596 secundum
286 525 383 600 illum¹
399 525 561 592 amicum
583 523 804 591 definitionem
822 546 887 612 qua
903 523 1093 612 philosophi
1198 529 1203 534 '
1236 525 1257 568 '-

88 619 235 682 utuntur:
257 616 317 699 μία
340 607 429 698 ψυχὴ
452 611 490 678 ἐν
512 601 612 696 dvctv
634 608 764 698 ccipere
786 609 928 698 κειμένη.
985 611 1119 679 eillir
1224 671 1228 678 .

86 704 203 771 robur
233 705 271 769 et
301 722 365 768 aes
388 705 412 766 t
434 721 461 767 c
483 723 510 767 e.
546 703 733 766 exsecratur
766 721 854 786 cum,
886 700 941 788 qui
967 699 1091 785 primus
1155 761 1161 771 ,
1220 737 1223 742 -

86 813 184 858 ausus
212 789 257 857 sit
282 789 439 878 nauigare
467 787 608 876 dicilque
635 809 710 856 eum
738 787 912 856 durissimo
935 787 1031 856 corde
1053 809 1092 856 co
1196 867 1206 877 .

85 883 217 965 pectore
235 877 346 965 firisse,
390 877 424 944 ui
445 879 541 944 tauta
559 875 705 963 pericula
721 897 789 945 uon
806 877 961 945 timuerit
991 875 1093 944 habet
1120 903 1125 912 ·

86 971 194 1034 autem
216 965 271 1032 hic
292 965 371 1054 quid
412 988 447 1033 m
468 963 727 1033 Homericum:
758 961 936 1033 Χάλκεον
958 962 1004 1032 cl
1022 987 1091 1052 μοι

84 1044 180 1142 ἦτορ
202 1054 309 1140 ἐνείη
331 1054 366 1121 id
387 1059 439 1122 est
460 1054 600 1122 ferreum
621 1059 743 1140 pectus.
791 1056 833 1121 14
853 1075 923 1120 nco
943 1053 1130 1120 rabiemro
1244 1071 1249 1078 ·

83 1143 169 1246 uoti
198 1163 270 1231 quo
292 1165 324 1209 m
347 1165 376 1209 a
402 1142 488 1246 huam
533 1143 693 1246 arbitrum
707 1163 784 1245 ‘pro
815 1145 941 1244 rectore
971 1141 1091 1244 posuit

82 1229 1091 1403 {dffcdgutgutgelduissffimddddudideffimffimdoffl

82 1406 206 1471 tionem
233 1425 380 1470 exercere
406 1406 460 1470 uel
487 1403 529 1470 cd
556 1403 757 1472 extollendos
783 1403 901 1470 fluctus
924 1425 998 1470 oum
1020 1425 1090 1471 sae·

82 1493 144 1579 uit,
169 1492 224 1558 uel
245 1491 288 1557 ad
312 1490 489 1576 placandos
517 1514 590 1558 cum
618 1491 697 1559 flare
719 1489 848 1559 desiuit
916 1494 957 1558 l'l
980 1511 1129 1580 quemrr
1156 1519 1161 1528 ·

82 1579 217 1646 mortis
248 1579 381 1646 timuit
436 1600 723 1665 .q.s.o.mous.
756 1579 946 1646 uetantia
991 1601 1090 1667 quam

84 1677 235 1753 mortem,
256 1667 376 1754 iuquit,
398 1599 574 1734 exhorrere
595 1671 718 1754 potest,
740 1667 796 1755 qui
818 1672 967 1734 monstra
988 1668 1089 1734 maris
1183 1685 1208 1759 ᾗ

84 1759 116 1820 et
147 1752 326 1840 asperrima
357 1777 436 1822 saxa
468 1757 538 1822 eine
568 1754 712 1822 lacrimis
740 1755 849 1822 uidere
872 1753 1001 1842 potuit?
1165 1841 1169 1848 μ
1200 1797 1226 1836 -,

81 1843 126 1910 20
151 1842 311 1910 infamis
338 1843 520 1929 scopulos
547 1843 596 1910 eit
621 1847 753 1932 propter
780 1843 984 1911 atrocitatem
1010 1866 1088 1911 nau·
1203 1847 1206 1852 ’

81 1930 273 2018 fragiomm,
304 1953 387 2018 quae
408 1932 456 2000 ibi
477 1931 573 1999 multi
595 1933 771 2020 patiuntur.
816 1929 976 1999 Ceraunia
996 1935 1088 2000 moli·
1101 1952 1130 1995 rc
1150 1937 1161 1960 ”
1213 1997 1218 2004 .

73 2023 130 2094 ,tes
158 2023 234 2084 suut
260 2017 363 2104 Epiri
450 2021 494 2094 ,21
526 2019 757 2107 requiquam
789 2020 819 2086 d.
845 2042 875 2086 a.
899 2043 931 2106 p.
959 2042 988 2086 o.
1010 2021 1040 2087 d.
1062 2041 1089 2086 r.
1244 2044 1248 2054 ·

81 2109 300 2194 prospexerat,
321 2108 436 2196 inquit,
457 2112 576 2175 natura
597 2108 795 2194 hominibus,
820 2113 858 2174 ut
879 2111 994 2194 terrae,
1019 2107 1088 2196 qui·
1189 2173 1192 2180 .

81 2193 142 2262 bus
174 2195 243 2261 sine
273 2196 415 2282 periculo
447 2201 623 2284 uteremur,
660 2219 681 2263 a
711 2197 794 2264 mari
825 2196 1089 2282 discernerentur,
1169 2267 1174 2278 ,

82 2283 139 2350 sed
168 2283 232 2352 hoc
260 2283 396 2372 frustra,
426 2308 500 2353 cum
525 2287 592 2353 iam
619 2285 737 2353 audeat
757 2285 901 2353 humana
921 2286 1088 2354 temeritas

82 2372 181 2439 etiam
202 2373 286 2440 meri
313 2395 348 2441 se
375 2375 613 2443 committere„
651 2375 695 2442 27
722 2374 845 2442 audax
871 2373 998 2463 Iapeti
1024 2393 1128 2464 geas
1165 2441 1169 2450 ,

81 2482 161 2529 uus.
199 2460 429 2531 Prometheum
452 2463 625 2552 significet,
647 2465 686 2530 de
708 2485 772 2552 quo
794 2469 875 2531 uota
895 2461 1009 2531 fabula
1030 2467 1089 2551 est,
1176 2515 1183 2528 .

78 2549 188 2638 iguem
211 2572 285 2618 cum
306 2551 420 2618 furtim
438 2575 458 2618 a
480 2553 570 2620 caelo
593 2553 780 2620 hominibus
804 2551 960 2620 adtulisse
983 2557 1017 2618 et
1038 2553 1088 2619 in·

78 2639 205 2708 uerisse
227 2640 324 2708 terris
347 2642 468 2709 multus
494 2641 707 2710 calamitates.
773 2641 817 2710 29
844 2646 935 2730 post
960 2641 1088 2731 iguem

79 2730 253 2797 aetheria
283 2730 394 2798 domo
426 2730 565 2800 sublat
609 2729 771 2800 Hesiodus
803 2729 863 2820 ait,
896 2753 971 2800 oum
1000 2731 1087 2820 iguis
1150 2775 1152 2780 ,
1252 2751 1256 2756 ·

79 2840 100 2884 a
130 2819 219 2888 caclo
246 2818 334 2888 firrlo
360 2817 546 2889 Promethei
572 2820 748 2890 subductus
776 2825 876 2909 essct,
902 2820 1126 2908 Pandoramso

78 2907 247 2977 inmissam
268 2909 365 2977 term's
387 2931 510 2997 pocuae
528 2933 639 2997 causa3
660 2933 738 2978 uam
754 2933 813 2999 per
830 2933 903 2980 eam
919 2911 1086 2980 mulierem

76 2998 241 3083 patefacto
265 2996 351 3066 dolio
375 3000 518 3085 erupisse
541 3003 685 3069 omnium
706 3001 847 3088 postium
870 3021 997 3091 genera,
1018 3001 1088 3088 qui·

77 3149 291 3164 ψ

148 3227 249 3286 onias
267 3233 293 3300 a,
311 3233 364 3286 ceo
434 3233 469 3285 ee
488 3229 560 3298 εργα
577 3235 612 3286 rr

148 3439 290 3500 curcur
306 3447 332 3500 e
349 3425 500 3500 remoue
518 3441 559 3500 rr
628 3448 662 3501 ιο
679 3441 809 3501 eurem
879 3415 911 3503 ἰι
929 3447 991 3504 nou
1007 3449 1034 3506 o
1051 3450 1085 3503 rs
1227 3397 1233 3404 ⁵

75 3515 144 3572 uoto
163 3511 183 3570 lr
200 3529 310 3585 saproc
330 3515 370 3572 Μ
431 3513 590 3573 retinuit:
607 3517 634 3572 rt
652 3513 690 3572 Μ
747 3531 858 3574 somuor
877 3517 917 3574 Μ
971 3523 1007 3576 80
1024 3516 1085 3577 celo

75 3582 115 3638 Μ
184 3590 353 3642 elocutam
371 3586 412 3642 Μ
480 3591 515 3642 82
533 3587 664 3658 pomum,
682 3602 858 3660 nuperae,
877 3587 917 3646 Μ
