2672 4112
365 133 436 192 Ans
452 130 612 190 Posnlcs
630 136 779 188 sss-err.
1005 127 1071 196 357

61 301 145 384 retu,
178 298 260 365 suiut
281 299 390 364 minen
416 317 484 364 non
506 317 577 362 esse
598 293 877 362 contemnendum.
944 293 1008 360 375
1031 297 1074 358 et

62 386 183 454 Sardo
213 407 295 452 oum
325 384 438 452 melle
465 404 644 472 papauer.
688 380 854 450 Oorsieurn
881 383 915 448 et
935 378 1073 448 Sardum

59 476 124 542 mel
145 473 279 562 pessimi
302 473 427 560 superis
445 477 505 540 est
562 472 627 540 387
650 469 772 538 Musei
793 469 942 537 iudicis
985 467 1073 536 Mee-

61 563 129 631 eius
165 562 362 650 perdiligens
398 561 578 628 carminum
613 559 677 626 fuit
711 559 909 626 aestimetur.
1005 557 1071 625 388

59 672 281 738 nonumque
303 655 501 738 premetur
526 649 566 716 in
588 670 737 715 annum.
781 647 927 734 exemplo
949 643 1100 714 Cinnees

59 740 180 828 poterit
214 739 277 826 uti,
311 742 350 806 ut
378 760 508 806 osrrnen
544 759 639 806 suum
674 737 703 803 si
733 736 855 804 mulum
883 739 934 802 est
954 755 1072 802 nouem

59 829 156 896 ennis
178 827 367 895 dissimulet
433 827 497 894 391
531 827 733 895 siluestres
763 823 940 893 hominen
963 845 1072 892 seeer

59 919 331 1005 interpresque
362 917 516 984 deorum
548 913 731 982 esedibus
762 919 800 980 et
829 913 936 980 uiotu
957 911 1071 980 foedo

59 1006 253 1073 deterruit
288 1004 473 1092 Orpheus.
519 1003 657 1090 ooptem
690 1003 814 1091 primus
845 1001 993 1089 poetioen
1023 1000 1073 1068 in·
1208 1061 1212 1068 .
1267 1046 1269 1057 ·

59 1094 213 1162 lustreuit
242 1099 275 1161 et
306 1095 348 1161 ob
377 1093 441 1161 hoe
471 1093 590 1160 dieitur
617 1093 737 1159 lenisse
766 1093 866 1178 tigres
887 1096 930 1158 et
954 1092 1114 1175 leones,1o

60 1182 137 1270 quie
173 1181 323 1249 efferatos
349 1181 519 1248 hominum
551 1179 678 1246 snimos
710 1179 898 1266 placauerat
924 1179 1073 1246 carmine.

48 1329 50 1338 Α
127 1270 193 1337 399
226 1271 332 1357 leges
360 1269 675 1355 inuidereligno.
720 1267 822 1334 nereis
845 1265 1074 1334 enimtebulis

61 1358 188 1445 antiqui
210 1380 278 1425 non
301 1360 379 1425 sunt
399 1358 450 1424 nsi
473 1356 530 1424 sed
551 1355 706 1424 roboreis.
750 1355 786 1422 in
806 1355 868 1423 hes
890 1353 1076 1422 inridebunt

61 1448 161 1534 leges.
205 1447 290 1514 unde
326 1446 432 1513 edhuo
466 1444 606 1512 Athenis
643 1445 753 1530 legum
788 1443 919 1511 tabulae
954 1463 1073 1512 uxones

59 1538 227 1639 uocantur.
292 1534 358 1602 402
380 1533 654 1639 Tyrtaeusque.
680 1532 744 1600 init
765 1531 818 1600 hio
836 1553 953 1636 genere
974 1531 1113 1636 Athe-rs

59 1622 966 1780 {¹33}tettssetdettuttetttetfffl
996 1643 1074 1777 et

60 1824 134 1869 cnm
155 1799 403 1870 Leeedsemonii
433 1802 557 1870 bellum
585 1801 756 1869 aduersum
778 1799 958 1869 Messenios
985 1821 1074 1889 gere·

60 1897 134 1959 rent
155 1891 273 1979 diuque
295 1891 463 1959 traherent
480 1892 613 1960 dubium
625 1889 741 1959 Mortis
760 1895 921 1977 euentum,
942 1911 1074 1978 respon·

60 2003 131 2048 sum
150 1985 344 2068 aeceperunt
365 1980 407 2048 sb
429 1981 596 2068 Apolline,
628 1981 656 2048 si
678 1981 802 2048 uellent
822 1981 950 2048 uinoere
972 1977 1072 2047 Atius·
1085 1997 1113 2041 ro

59 2070 165 2137 niensi
196 2069 276 2136 duee
298 2074 475 2138 uterentur.
519 2093 540 2138 e
570 2070 688 2157 quibus
719 2071 827 2158 rogati
857 2069 1073 2140 Athenienses

60 2159 220 2225 miserunt
242 2157 417 2244 Tyrtaeum
448 2160 576 2226 clodum
608 2164 642 2225 et
662 2160 787 2226 luseum
810 2162 831 2241 †
853 2181 948 2246 quem
970 2157 1073 2225 defor-

59 2267 145 2312 mem
177 2245 344 2312 crederent
374 2247 426 2318 usi
453 2250 530 2314 sunt
552 2248 681 2313 auxilio.
725 2247 843 2333 quibus
864 2247 920 2312 ille
942 2249 1074 2313 eentum

36 2333 255 2407 monstrauit
289 2333 455 2422 tuburum,
496 2357 633 2422 querum
673 2334 821 2403 inaudito
856 2333 962 2402 territi
991 2355 1072 2402 sono

59 2420 213 2490 Messenii
244 2423 400 2511 fugerunt
430 2423 601 2513 sdeptique
629 2429 707 2492 sunt
726 2423 872 2492 Lenones
893 2423 1113 2492 uictoriam!
1183 2487 1189 2500 ,

130 2513 197 2580 403
211 2510 340 2580 diotae
358 2535 426 2601 per
443 2513 613 2582 eurmins
626 2517 761 2582 sortes.
782 2535 842 2601 per
854 2513 1073 2581 uersushem·

59 2605 180 2670 metros
189 2601 1074 2692 reddiditresponsePhemonoe†tpyrrooliotumquern

58 2691 234 2780 pmphoeri
254 2697 384 2780 poetse:
419 2692 492 2762 Aio
523 2698 561 2761 te
583 2692 754 2761 Aeneide
774 2691 966 2761 Romanos
988 2693 1073 2760 uin·

59 2802 143 2849 eere
165 2803 288 2870 posse.
355 2783 422 2851 404
457 2787 496 2850 et
530 2781 635 2851 nitee
664 2786 883 2852 monstrate
913 2783 977 2850 uie
1005 2786 1072 2850 est

52 2871 225 2956 praereptis
247 2871 451 2960 sapientium,
473 2871 589 2960 quibus
610 2872 770 2940 instructu
790 2870 861 2940 uite
882 2875 941 2940 est
1004 2871 1070 2940 417
1085 2889 1114 2934 eo

130 3017 165 3067 28
184 3011 255 3068 Eun.
273 3013 346 3069 Anu.
366 3017 417 3069 186
559 3055 562 3060 -

134 3141 166 3190 11
200 3133 268 3206 quie
294 3151 359 3193 eres.-
389 3137 538 3206 ‹1th
570 3135 603 3191 {³5-
624 3135 827 3209 pleeuerstiil
897 3141 929 3192 lt
975 3149 1072 3206 yrene-

57 3221 147 3276 usque
165 3205 204 3260 M
275 3212 307 3261 17
326 3205 532 3263 moduletioues
549 3206 692 3264 Houtlrul:
709 3152 976 3292 moderationesif
1037 3209 1070 3260 18

56 3274 302 3426 esseni?
310 3345 353 3402 u
370 3281 555 3404 esrum
572 3293 592 3349 Ρ
677 3277 815 3422 uu,
837 3273 1072 3420 sustu

56 3411 163 3470 derent-
181 3431 226 3470 uer
244 3417 312 3470 eunt
328 3415 433 3473 auxilio
451 3415 511 3475 einr
528 3417 744 3478 Leoedeemonii
761 3439 780 3492 ς
851 3425 886 3477 99
904 3421 1015 3476 tentum
1033 3413 1074 3474 Η

125 3489 160 3538 24
177 3483 308 3539 rnsudrtn
327 3485 366 3540 M
421 3493 456 3543 tt
474 3487 604 3560 ingerent
622 3490 663 3546 M
716 3496 752 3548 26
770 3492 922 3548 exesum
941 3490 980 3546 Μ
1033 3493 1069 3544 27

53 3549 212 3690 ίΙξέἀιῖιιιςουοο
243 3552 332 3624 Pyrro
359 3554 494 3626 Epirotes
520 3559 643 3630 petentis
673 3559 728 3618 Aio
755 3580 774 3632 ς
855 3567 891 3618 80
922 3557 1069 3618 mutentur
