2644 3844
410 103 591 164 moruus
607 103 631 176 1,
650 109 692 172 ιε,
710 109 825 161 eo-eo.
941 87 965 178 ,⁶
1053 101 1128 168 297

114 267 203 334 uitiis
239 266 366 334 suetior
399 265 441 332 ed
475 265 674 352 peeoundum
709 285 811 351 ‘quom
850 265 971 332 amicus
1006 265 1124 335 minor.

133 360 137 372 '
203 355 246 422 26
278 377 321 423 so
352 354 476 422 ueluti
502 355 719 440 piometer.
762 352 1045 439 miresuperbiem
1072 353 1122 420 di·

114 443 191 510 uitis
213 443 268 530 pio
291 443 456 532 mitigeuit
477 441 631 530 exemplo.
665 441 713 528 id,
738 441 857 528 iuquit,
878 441 1122 529 potioremious
1235 441 1240 448 ’

113 535 147 600 te
169 533 241 600 uult
262 554 333 600 esso
355 531 440 620 quod
463 536 569 599 meter
588 531 705 618 filium,
735 529 798 598 hoo
820 534 882 616 est3
911 529 1121 618 integriorem

112 643 134 688 s
155 643 190 689 se
212 622 379 710 magisque
401 621 590 709 sapientem.
648 621 690 687 28
722 623 761 686 et
791 620 847 687 sit
874 641 992 707 propo
1018 639 1150 688 uerus

111 711 209 797 bene,
239 709 325 798 quod
359 709 457 778 stulte
483 709 574 777 diues
605 709 644 776 de
674 730 708 776 se
735 709 871 796 cogitat,
899 708 933 775 ie
953 713 1062 776 temen
1084 711 1123 776 in

111 821 257 886 paupere
275 821 388 866 uerum
415 819 485 865 esse
507 799 722 882 demonstrst3
746 797 853 864 ⁴simul
883 819 942 885 per
971 797 1122 866 mimesirs

110 887 296 976 loquentem
319 889 451 955 diuitem
473 887 561 956 fucit
623 887 666 954 29
685 886 895 954 stultitiam
917 886 1123 972 potiuntur
1188 951 1192 956 .
1307 883 1308 894 ’

114 998 216 1065 opes.
261 977 390 1066 opibus,
426 977 545 1064 inquit,
580 997 758 1063 oonpenm,
794 997 866 1043 oum
898 976 1015 1044 stultm
1035 999 1121 1045 sum.

111 1067 215 1134 simile
237 1065 316 1134 illud
330 1062 588 1134 estSollustii:
611 1064 709 1145 Quis
729 1064 919 1132 seeundeo
941 1086 1001 1132 res
1022 1067 1167 1134 mirere
1307 1085 1308 1146 j

111 1159 202 1222 sunt
236 1155 347 1222 uitiis
383 1155 572 1222 obtentui.
643 1155 687 1222 30
722 1159 807 1221 erte
841 1154 952 1222 deoet
984 1176 1121 1222 senum

109 1251 210 1336 tego
255 1249 328 1313 orte
339 1247 524 1334 egoque
538 1244 598 1312 bis
612 1244 844 1313 terulnerum
867 1266 934 1313 non
955 1245 1007 1330 sit,
1028 1244 1121 1314 utin

109 1335 221 1421 epodis
252 1334 342 1402 dixit
386 1355 445 1421 pro
478 1334 594 1421 opibus
625 1335 713 1401 onim
743 1338 868 1402 ueteres
899 1355 1034 1423 mugnus
1065 1335 1120 1402 uel

108 1445 226 1510 paruus
248 1423 435 1491 habuerunt
459 1426 564 1510 togas.
626 1420 775 1490 Oieero:
811 1421 921 1490 Uelis
943 1423 1120 1505 omiotos,

108 1517 247 1582 nonto
279 1513 321 1582 is.
370 1513 413 1580 31
449 1511 684 1600 Eutrapelus
717 1511 941 1599 ooioumque
971 1530 1168 1578 nouorum
1214 1573 1222 1580 .

109 1533 307 1689 Eutrapelus
325 1601 387 1688 hio,
409 1605 447 1668 ut
460 1607 609 1689 apparet,
631 1600 937 1688 corrumpendarum
949 1600 1118 1668 hominum

108 1691 243 1758 collidus
265 1692 329 1758 fuit
350 1690 445 1776 odeo,
480 1695 518 1756 ut
546 1691 644 1757 soiret
669 1709 740 1758 eum
764 1689 878 1755 habitu
900 1693 934 1756 et
955 1688 1044 1755 oultu
1065 1711 1119 1756 so·
1307 1769 1308 1782 χ

107 1778 174 1845 lere
206 1780 315 1847 stultis
343 1778 487 1845 animum
518 1797 645 1866 quoque
677 1777 805 1844 mutuli.
863 1775 922 1844 eui
958 1797 1119 1864 eumque
1264 1841 1273 1855 ,
1307 1789 1308 1866 ἦ

107 1889 246 1936 nooere
267 1866 440 1936 uolebat:
468 1888 699 1954 quemeumque
725 1886 930 1953 eorrumpere
951 1865 1118 1934 uoluisset
1307 1879 1308 1914 l

197 1957 241 2022 32
271 1956 409 2022 boetus
437 1956 643 2024 onimium.
688 1955 826 2023 boetus
849 1976 916 2022 non
939 1976 1027 2038 uere,
1057 1955 1167 2022 sedeo

107 2045 162 2132 qui
185 2044 246 2112 sibi
268 2043 384 2111 boetus
406 2043 536 2112 uidetur
557 2067 596 2112 ex
613 2043 757 2131 pulchris
770 2042 923 2111 uestibus.
989 2043 1032 2111 33
1055 2065 1119 2111 su·
1248 2083 1252 2088 -

106 2138 187 2200 met
214 2153 315 2199 nouo
344 2133 512 2200 oonsilio
533 2136 572 2198 et
593 2153 689 2219 spes
733 2131 974 2219 perturbabitur
995 2131 1119 2199 seilicet

106 2225 200 2287 etex
222 2219 337 2288 habitu
360 2242 466 2289 moros
489 2219 585 2288 duoot
601 2221 720 2308 fietque
734 2220 897 2288 delicatus
964 2219 1008 2287 34
1029 2220 1120 2288 ‹lor-

105 2309 199 2378 miet
220 2309 259 2376 in
281 2309 403 2378 lucem
425 2309 489 2379 hoo
512 2315 573 2378 est:
595 2331 664 2380 non
685 2309 854 2415 suigilobit
874 2330 935 2377 neo
952 2307 1117 2378 elucubra-

110 2399 167 2466 bit
234 2398 278 2466 34
314 2405 443 2467 scorto
472 2403 596 2486 postp.
625 2399 657 2466 h.
689 2421 794 2467 eunus
821 2399 869 2466 illi
891 2399 953 2466 erit
974 2403 1166 2467 scortumst

105 2492 139 2556 et
157 2487 281 2556 dulcius
299 2487 480 2558 honestate.
542 2487 587 2555 35
604 2493 775 2557 nummos
797 2487 946 2558 alienos
968 2491 1115 2578 pesoetz
1147 2534 1150 2543 ·

103 2579 324 2649 leenembitur
359 2585 393 2648 et
427 2579 526 2648 leoiet
556 2601 611 2648 ees
647 2579 788 2650 alienum
824 2579 931 2649 usuris
965 2600 1116 2649 creseere.

192 2669 238 2735 35
260 2669 306 2735 ed
328 2669 457 2736 imum:
480 2669 521 2736 ed
543 2674 750 2757 postremum.
812 2669 856 2735 36
879 2669 1005 2736 'l'hrox
1026 2670 1116 2735 erit:

105 2757 329 2825 auctorabitur
349 2779 383 2824 se
405 2757 440 2823 io
462 2757 589 2846 ludum,
620 2761 658 2826 ut
679 2757 843 2846 gladiator
863 2756 916 2824 sit
981 2757 1026 2825 36
1048 2763 1116 2824 eut

102 2844 287 2915 holitoris
309 2849 419 2936 eget
453 2847 590 2934 satyrios
612 2846 739 2914 inuenit
761 2844 982 2915 sordidissimo
1002 2847 1161 2915 futuros·

102 2935 325 3024 meroonnsrio
361 2941 436 3022 post
471 2934 798 3010 testeminoessum
834 2935 1019 3022 cultumque
1047 2934 1115 3002 loe·

101 3026 234 3091 tentem.
280 3029 313 3094 ot
334 3027 506 3110 utrumque
528 3024 593 3090 tels
615 3028 678 3109 est,
709 3023 796 3109 quod
825 3023 869 3090 sit
894 3021 1114 3110 speotsoulum

173 3197 841 3291 sonuum.1,so,oe1eupo.s,e
896 3161 1112 3267 leonton

169 3345 325 3392 lumoom
344 3335 384 3390 Μ
434 3335 500 3392 eid
517 3337 618 3394 eddi&
670 3336 888 3409 sinugeom
905 3352 970 3394 noe:
995 3337 1109 3394 intuso·

95 3403 213 3459 remit
264 3403 734 3464 sidunennomeumsnet
784 3407 1024 3481 spolientur-ll
1076 3413 1110 3463 ιο

96 3471 213 3528 ssu...
323 3472 363 3527 Μ
408 3473 538 3544 ἰιὶιος
601 3477 815 3534 teureddcas·
865 3477 1112 3550 ··1ssxpeo211

105 3547 109 3562 ²
166 3546 268 3596 uoto.
387 3544 558 3600 28&st
618 3545 1107 3605 remunerantem

92 3623 147 3674 que
165 3607 224 3664 tus
242 3609 380 3680 estquod
397 3615 436 3667 sut
452 3613 583 3683 poeulm
601 3615 647 3686 Μ,
664 3631 735 3672 eurr.
756 3615 843 3674 Orelli
1029 3655 1032 3660 ι
1068 3655 1070 3662 ·
1108 3635 1113 3648 ·
