2708 3842
406 107 555 196 monor
574 145 607 196 ιι
625 141 655 196 ιι
673 145 714 197 ιι.
1000 137 1063 204 165
1124 225 1130 234 Ι
1183 118 1193 138 ”
1246 111 1288 217 ‚²-

52 303 131 369 mihi
145 301 333 368 salacissimi
347 301 560 367 adulescentis
583 302 718 368 occasio.
785 301 827 368 21
852 300 1061 367 muricibus
1131 277 1134 287 ¹

53 390 180 476 Tyriis
203 389 370 454 iteratae
392 390 540 454 uellera
562 389 683 455 lanae.
735 411 910 474 purpuram
931 389 1079 474 Tyriam.
1174 421 1177 426 ·
1250 407 1292 491 '}·

53 477 227 563 significat,
254 495 337 561 qnae
364 475 481 542 iterum
508 477 541 541 id
571 481 622 543 est
643 477 695 542 bis
717 475 801 562 tingi
823 475 992 563 conchylio
1014 475 1060 542 di-

53 565 145 630 citur.
198 563 285 630 unde
306 563 466 648 hodieque
488 564 649 648 dibaphus
671 564 861 649 appellatur.
950 565 993 629 23
1014 585 1060 628 ne

50 651 154 716 soret
175 650 351 735 aequalis
377 651 482 716 inter
508 651 682 731 conuiua,
697 651 820 736 magis
843 670 951 737 quem
973 649 1087 715 dili-s

51 741 159 825 geret
180 737 319 804 mulier
341 760 408 805 sua
430 760 541 826 quam
568 742 614 805 te.
664 737 966 806 blanditurdicens
993 758 1059 804 ma·
1107 767 1109 774 v

52 848 195 915 gnopere
204 825 363 894 festinans
373 826 420 894 illi
428 827 580 914 pretiosis
593 827 744 916 purpuris
757 834 881 896 uestem
896 827 1060 912 conficere,

52 921 88 982 ut
118 938 157 984 ex
188 915 251 984 boc
283 917 369 983 inter
395 918 643 985 contubernales
670 918 739 984 eiua
767 919 934 1004 probaret,
963 939 1060 1004 quam

53 1005 148 1072 uolde
170 1005 260 1072 illum
284 1005 440 1094 diligeret

362 1143 513 1203 necnon
530 1141 684 1202 οιιιιιιιιι
704 1150 745 1202 ιι.
1072 1171 1100 1214 ω
1214 1120 1276 1198 s³⁵

137 1251 305 1321 Horrida
321 1259 533 1340 tempestas
551 1255 696 1321 caelum
715 1254 913 1320 contraxit
930 1257 969 1320 et
989 1255 1059 1320 im-

51 1343 148 1410 bres.
201 1342 351 1410 hortatur
379 1343 640 1430 contubernales,
670 1347 721 1429 ut,
752 1341 906 1429 quoniam
935 1342 1059 1410 coelum

50 1431 195 1518 pluuium
226 1433 269 1498 sit
293 1453 354 1499 nec
381 1433 552 1519 quicquam
580 1433 633 1520 agi
660 1432 777 1518 possit,
809 1431 845 1496 in
873 1431 1059 1499 conuiuium

49 1519 208 1586 secedant
253 1521 377 1588 caelum
400 1525 508 1588 autem
530 1542 590 1608 pro
612 1521 753 1588 nubibus
777 1519 895 1606 accipe,
917 1522 951 1586 et
971 1518 1057 1586 ‘con-

48 1607 159 1674 traxit’
185 1609 223 1675 in
248 1630 350 1676 unum
376 1610 484 1696 coegit
514 1631 552 1675 oc
582 1631 641 1695 per
666 1609 730 1676 hoc
757 1607 870 1676 ‘densa
898 1607 987 1688 fecit’
1009 1608 1058 1674 in·
1070 1630 1099 1674 ιι

48 1696 276 1784 tellegendum.
367 1699 384 1763 1
418 1700 459 1764 et
490 1697 623 1764 inbres
650 1697 837 1783 niuesque
865 1695 1059 1762 deducunt

49 1783 187 1851 Iouem.
218 1787 371 1870 suauiter,
393 1785 486 1871 quasi
499 1806 571 1851 cum
585 1785 742 1852 imbribus
765 1785 807 1850 ud
829 1789 932 1851 terras
949 1782 1058 1870 Iuppi·

48 1877 98 1940 ter
120 1872 302 1940 descendat
356 1872 589 1960 3rapiamus
612 1873 726 1939 amici
749 1872 992 1940 occasionem
1014 1870 1057 1938 de

51 1963 119 2028 die.
141 1965 250 2028 utrum
274 1962 476 2029 occasionem
499 1983 581 2048 quae
604 1961 643 2028 de
667 1961 718 2028 die
740 1960 858 2048 pluuio·
870 1961 993 2046 incidit,
1014 1981 1058 2026 an
1155 1957 1161 1968 ’

48 2056 85 2116 ut
107 2048 271 2118 ‘conuiuia
293 2051 333 2118 de
355 2049 418 2117 die’
441 2049 630 2117 dicebantur
653 2071 674 2117 a
695 2051 800 2138 primo
821 2071 915 2117 mane
934 2053 1058 2138 coepta
1071 2071 1098 2114 ao
1185 2091 1201 2101 -
1335 2020 1341 2105 t

137 2139 159 2206 5
186 2141 355 2206 obducta
382 2140 561 2206 soluatur
586 2138 716 2206 ironto
749 2143 938 2206 senectus.
993 2137 1057 2206 ob-

49 2227 164 2295 ducta
190 2229 224 2295 id
252 2231 316 2295 est:
339 2228 375 2295 in
396 2247 495 2316 rugas
518 2232 698 2315 eontracta,
721 2249 759 2296 ec
780 2249 838 2314 per
852 2227 924 2312 hoc,
946 2248 1058 2295 seuera

48 2322 81 2382 et
102 2317 215 2384 tristis
274 2317 424 2404 sicergo
450 2321 485 2384 et
512 2321 711 2385 senectutem
741 2339 801 2404 pro
831 2317 992 2405 panion
1018 2337 1057 2382 ac

48 2405 218 2473 seueritate
242 2405 359 2492 accipe.
417 2406 438 2472 6
456 2410 498 2473 tu
516 2405 608 2473 nina
625 2405 820 2493 Torquato
839 2427 946 2473 moue
964 2425 1055 2472 con·

48 2494 129 2561 sule
158 2515 294 2580 pressa
321 2516 412 2562 meo.
468 2495 628 2582 praecipit
658 2495 737 2561 uina
765 2494 903 2582 proferri
932 2492 1097 2560 Manlios
1189 2501 1195 2510 '

48 2581 212 2670 Torquato
240 2584 372 2651 consule
404 2581 531 2670 defusa,
563 2605 628 2670 quo
659 2605 746 2651 anno
776 2583 846 2670 ipse
877 2587 976 2650 natus
1004 2581 1071 2670 siu

50 2671 134 2756 quod
158 2676 192 2739 et
214 2671 292 2739 alibi
314 2671 503 2759 amphoram
526 2673 704 2759 adloquens
721 2671 865 2739 ostendit
882 2673 929 2740 sic
946 2671 1056 2739 dicens
1091 2691 1093 2696 ·

47 2759 74 2826 0
105 2767 200 2828 nata
231 2782 376 2829 mecum
407 2763 573 2829 consule
597 2761 753 2829 Manlio.
811 2761 852 2828 ad
882 2760 947 2830 hoo
978 2781 1055 2850 ergo

47 2851 187 2934 pertinet
204 2850 291 2938 quod
309 2851 384 2920 dicit
400 2849 547 2919 Manlio
565 2851 765 2938 Torquato
782 2869 872 2918 meo.
925 2851 944 2918 7
963 2849 1054 2918 deus

47 2939 139 3007 haec
165 2940 334 3008 fortasse
361 2940 531 3030 benigno
557 2940 716 3008 reducet
741 2939 782 3006 in
809 2939 935 3007 sedem
961 2939 1095 3008 uiceao
1226 2985 1229 2989 -

116 3087 151 3138 ao
170 3081 222 3140 od.
241 3089 266 3152 s,
285 3089 329 3150 ιι,
349 3090 362 3137 ι

49 3275 85 3330 Μ
117 3205 390 3334 ¹2²⁸²0³¹m¹¹ffs
469 3213 536 3277 ιιμ
553 3223 575 3331 ἵ.
600 3161 709 3333 ‘Mu
748 3203 901 3334 33⁰⁰¹¹¹¹¹2
918 3203 1057 3332 §⁶¹⁶⁸ss
1122 3191 1123 3196 '

47 3291 369 3406 reumud⁰¹²dib¹dar
448 3285 770 3406 dciiuitthm‘h
790 3293 825 3334 ῃ
841 3291 881 3406 ia
900 3346 939 3404 ιιι
955 3347 1055 3405 accae
1094 3319 1098 3326 ’

46 3421 287 3528 neqoroqnmdl
353 3426 387 3476 1⁶
405 3418 522 3476 demum
539 3420 585 3475 aei
601 3418 739 3545 demoni
806 3427 840 3476 ro
858 3419 1002 3490 nobemm
1017 3418 1056 3475 M

116 3498 150 3548 19
168 3509 254 3562 qnae.
272 3509 323 3564 qm
341 3491 380 3548 Μ
457 3497 491 3547 21
510 3489 643 3548 froctae.
662 3490 680 3546 1.
821 3496 855 3547 to
875 3489 973 3547 maiho
989 3491 1054 3558 (ter)

48 3557 84 3613 d!
144 3561 337 3632 abditiora:
402 3559 881 3636 ttamioramdcloqoemoaidl
925 3559 1053 3617 mods.
1169 3561 1183 3578 ““
1256 3535 1262 3544 ³

47 3630 523 3701 armantarmant
