2708 3842
121 167 133 212 ,·
188 135 192 140 ’
280 140 352 229 quia
365 141 504 226 adpetat,
523 141 561 204 ut
574 135 746 205 Sallustius
760 113 903 222 Crispus,
920 136 957 202 in
969 134 1103 201 eandem
1116 133 1285 200 infamiam

279 231 502 314 corruptorum
523 249 650 294 morum
671 225 819 292 incidere.
874 223 919 292 50
941 245 1090 312 quaque
1112 222 1284 290 modeste

129 343 134 350 ·
278 316 462 384 munilieo
488 337 571 382 esse
596 314 692 380 lieet
716 313 778 380 hoe
809 317 872 379 est:
901 317 1059 400 quantum
1086 311 1285 398 permittitur

278 405 369 472 saluo
392 403 568 472 modestiae
589 404 842 489 temperamento
860 400 980 489 largiri.
1033 399 1078 468 55
1100 404 1142 467 ut
1163 420 1284 488 quon·

107 557 115 567 .
250 494 362 561 udam
387 491 585 561 Marsaeus
611 495 760 559 amator
786 490 960 578 Originis
989 489 1055 557 ille
1079 541 1086 556 .
1110 539 1117 556 .
1139 489 1284 555 mimae.

252 583 378 650 'mima
403 581 560 670 quaedam
586 579 838 685 nominenOrigo
867 579 930 646 luit
951 579 1053 684 isdem
1074 577 1284 684 temporibua,

242 817 246 824 .
277 668 1190 846 ltlttllffittslzfflllffl:ltltssilt
1221 665 1284 822 tl

133 909 139 916 .
276 869 316 914 ex
346 868 485 934 persone
515 868 575 912 sua
605 845 760 913 Horatius
791 846 887 930 dixit,
921 845 1066 933 intellegi
1099 845 1212 911 uolens
1243 855 1297 910 ex·

237 961 265 1004 rs
276 936 377 1003 nimio
407 935 578 1002 mimarum
609 955 718 1001 amore
749 933 858 1000 uexari
890 933 1018 1036 quidem
1048 955 1194 1018 censum,
1225 931 1282 998 aad

276 1025 378 1092 multo
401 1023 551 1112 grauiora
572 1022 691 1089 damna
711 1023 817 1090 famas
840 1021 990 1090 aeords're.
1069 1021 1112 1090 59
1135 1043 1186 1087 an
1208 1019 1283 1087 tibi

260 1112 427 1180 'abunde
449 1132 650 1199 personam
672 1109 770 1178 satis
792 1114 950 1179 estnon
974 1110 1071 1178 illud
1095 1108 1282 1198 quidquid

276 1202 417 1290 ubique
443 1198 575 1269 offioit
603 1194 774 1268 euitare?
818 1201 864 1268 bo
890 1199 1034 1268 ‘euitare’
1057 1199 1179 1286 aeeipe,
1205 1198 1283 1286 quia

188 1309 192 1319 ·
277 1291 323 1359 sio
352 1291 485 1379 plenum
516 1289 566 1356 fit:
597 1311 640 1358 an
670 1290 730 1357 tibi
761 1289 888 1356 abundo
918 1310 1090 1376 porsonam
1121 1287 1201 1355 satia
1231 1291 1282 1354 est

235 1401 263 1444 rs
275 1379 405 1464 euitare,
417 1399 485 1444 non
505 1377 585 1444 illud
599 1377 753 1466 quidquid
775 1378 877 1445 olfieit
895 1378 1039 1444 euitare?
1062 1377 1108 1444 ait
1120 1398 1188 1443 non
1202 1376 1281 1443 satis

275 1488 345 1535 esse
366 1486 539 1554 personam
560 1469 727 1534 matronae
749 1465 880 1551 euitare,
901 1465 965 1534 nisi
987 1465 1085 1533 etiam
1097 1465 1177 1533 illud
1191 1463 1281 1555 quid·

170 1557 197 1604 ἕ
276 1555 352 1644 quid
382 1557 478 1624 noest
506 1559 604 1644 atquo
635 1555 736 1624 officit
765 1555 876 1632 cuites.
964 1557 1008 1623 62
1043 1577 1121 1622 rem
1157 1554 1281 1642 patris

275 1645 471 1714 oblimare.
516 1645 701 1714 oblimare
728 1643 915 1713 ‘oonterero’
938 1645 1113 1733 signifieat,
1140 1648 1281 1732 atquae

274 1734 417 1802 alabris
439 1734 601 1802 limantur.
659 1734 703 1802 62
725 1734 816 1822 quid
837 1734 941 1801 inter
962 1738 1021 1802 est
1042 1735 1081 1801 in
1103 1737 1281 1801 matrona

234 1823 423 1892 ”aneilla
443 1844 628 1910 peoeesue
650 1827 794 1910 togata
822 1823 1088 1911 negatintereese
1101 1823 1281 1910 quiequam,

274 1917 382 1980 utrum
412 1913 485 2000 quis
516 1911 551 1979 in
582 1917 733 1980 matrona
763 1933 806 1980 an
837 1913 873 1979 in
903 1913 1021 1979 aneilla
1049 1933 1093 1978 an
1119 1912 1217 1978 etism
1245 1911 1281 1978 in

274 2001 419 2069 adultera
439 2001 620 2088 delinquat,
641 2007 770 2069 secutus
797 2001 981 2088 opinionem
1004 1999 1198 2087 Stoicorum,
1225 2000 1280 2088 qui

274 2089 384 2158 omnia
409 2093 541 2178 peecata
567 2089 658 2176 paria
684 2110 754 2159 esse
780 2090 900 2158 dieunt
957 2091 1129 2158 necerim
1156 2091 1203 2158 rei
1226 2089 1279 2157 ad·

273 2179 391 2246 missae
413 2179 640 2268 quantitatem,
672 2180 729 2247 sed
755 2180 955 2246 admittentis
981 2181 1182 2247 uoluntatem
1210 2201 1280 2266 spe·

234 2291 262 2335 rs
274 2271 373 2335 olant
403 2271 533 2356 togatae
547 2271 656 2335 autem
668 2269 703 2336 in
715 2269 880 2356 publicum
896 2269 1068 2358 proaedere
1080 2269 1281 2358 cogebantur

273 2356 413 2426 laminae
434 2357 584 2425 adulterii
605 2357 738 2426 admissi
759 2359 935 2426 eonuiotaa
1008 2359 1052 2426 64
1073 2356 1218 2427 Uillius
1239 2359 1280 2425 in

271 2445 416 2514 Fausta
445 2443 577 2534 Syllae
612 2468 730 2538 gener
764 2446 836 2517 hoe
871 2447 988 2517 miser
1022 2471 1096 2518 uno
1125 2448 1279 2517 nomine

79 2540 83 2553 '
139 2519 149 2534 ⁸
221 2611 224 2618 ,
272 2537 457 2624 deeeptus
478 2558 621 2625 poenas
644 2537 758 2605 dedit
812 2535 953 2606 ‘Uilliua’
998 2539 1167 2608 roAnnio
1190 2539 1279 2606 dixit

272 2625 400 2696 Annius
438 2630 546 2694 autem
580 2627 660 2696 Milo
695 2627 830 2696 maritas
865 2627 929 2696 fuit
989 2631 1102 2696 austae
1138 2627 1278 2698 Cornelii

232 2738 261 2781 as
275 2713 382 2800 Syllae
404 2715 503 2801 filiae,
529 2717 585 2802 qui
611 2737 634 2782 a
660 2715 784 2784 familia
804 2715 990 2805 Longareni
1011 2717 1148 2785 adulteri
1170 2718 1278 2785 uxoria

80 2882 84 2893 Ι
195 2839 199 2846 ·
272 2825 349 2870 snae
375 2803 502 2871 rediens
529 2825 551 2870 a
575 2825 656 2872 oens
682 2809 758 2873 ante
784 2805 878 2874 aedes
910 2827 999 2892 suaa,
1024 2827 1067 2874 ne
1098 2807 1279 2875 adulterum

80 2951 85 2987 Ζ
197 2973 204 2988 ι
272 2891 535 2980 deprehenderet,
560 2894 679 2983 pugnis
707 2917 818 2988 caesus
840 2899 891 2964 est
911 2899 946 2964 st
966 2895 1052 2964 lerro
1073 2898 1278 2986 perterritum

205 3175 214 3187 ,
344 3122 477 3182 leodem
494 3123 612 3183 rnlamra
629 3125 669 3183 lt
734 3125 1016 3186 lalunmmodestres
1034 3129 1074 3186 u
1134 3129 1278 3186 thiodem

226 3219 230 3226 ·
272 3193 311 3251 M
380 3202 412 3252 11
430 3195 579 3254 nmen
648 3203 681 3255 12
698 3197 887 3256 tabundsll
956 3206 989 3257 18
1008 3199 1053 3258 bis
1071 3200 1171 3258 deiide·
1242 3207 1276 3256 14

269 3264 905 3342 dtmrntMefist.t,t‚t'l;o‚4o
985 3271 1166 3330 habundell
1242 3279 1278 3331 20

400 3339 474 3396 eM
526 3340 620 3412 ,negt
638 3339 677 3398 u
746 3341 935 3416 ardengus
967 3343 1077 3401 mutu
1095 3359 1278 3418 oppmronsm

268 3412 802 3554 mffmppsppeguglr‘tstaff
874 3415 1050 3473 wanroM
1128 3415 1279 3488 delonga-
