2672 4108
362 65 366 72 ’
479 115 666 187 cosme.
853 132 857 138 .
1008 119 1072 188 135

69 278 100 346 si
122 275 211 364 qnid
239 275 330 344 olim
352 274 448 345 lusit
469 249 682 345 Anacreon.
725 277 833 365 lusit,
860 279 975 369 inquit,
996 275 1078 369 quie⁴

68 367 145 434 iocis
176 369 210 432 et
241 366 400 434 conuiuiis
431 366 531 454 digne.
560 367 697 453 scripsit
789 371 827 435 11
859 370 1072 458 uiuuntque

69 455 260 525 commissi
283 455 432 523 calores
454 455 614 523 Aeoliae
635 455 782 524 fidibus
804 458 967 544 puellae.
1011 482 1071 528 ce·
1160 489 1166 498 ·
1224 473 1228 484 ·

68 549 169 613 lores
190 565 250 630 pro
274 543 422 612 ‘umores’
440 545 599 612 dicuutur.
636 543 767 632 Sappho
781 551 890 614 eutem
903 547 1072 636 significet,
1205 591 1206 596 κ
1257 518 1285 590 ““ἷ

69 653 148 718 quoe
169 630 305 698 Aeolide
327 633 464 699 dieleoto
487 654 547 699 uso
569 637 627 698 est.
705 634 745 700 13
768 655 844 700 non
867 637 952 701 sole
973 653 1098 702 cons-e
1283 621 1287 678 ²

68 725 155 838 ptos
187 719 286 785 ursit
321 718 489 786 adulteri
524 719 660 788 crines.
718 721 816 788 ursit
850 723 977 788 crines
1011 745 1072 810 pro

80 808 215 892 deperiit
237 811 334 893 utque
356 807 490 875 omnuit'
510 809 708 876 dictumest
743 810 806 877 boc
818 814 927 877 eutem
940 811 1071 897 periodo

69 896 191 983 colligit
212 917 308 982 seepe
330 896 441 963 endem
471 896 572 982 lecte,
598 920 681 982 quoe
707 898 844 986 legimus
871 898 956 965 circe
976 898 1073 966 Ilium
1261 967 1263 974 Α
1287 938 1290 973 :

69 988 171 1072 geste3
192 985 246 1052 ced
265 1005 303 1052 eo
325 989 455 1072 totamm,
477 986 564 1073 quod
585 986 625 1053 iis
647 988 753 1054 clerus
774 991 872 1074 poete
890 988 1071 1076 contigerit,
1171 1063 1175 1068 ,
1287 986 1291 1075 3

67 1077 254 1161 perpetuam
280 1075 459 1142 obtinuisse
486 1077 683 1144 memorium.
770 1077 814 1144 29
841 1077 995 1164 paulum
1017 1099 1072 1145 se·
1086 1095 1113 1140 ιο
1275 1125 1277 1132 .

67 1164 199 1252 pultue
221 1163 342 1232 distet
363 1165 529 1233 inertiae
547 1166 674 1233 celate
690 1165 827 1234 uirtus.
863 1188 940 1253 non,
956 1167 1073 1254 inquit,

68 1255 168 1322 multo
191 1253 291 1322 distet
313 1254 355 1321 eb
377 1255 494 1322 inertie.
516 1255 630 1344 uirtus,
652 1255 680 1322 si
702 1259 740 1323 ut
761 1257 801 1324 de
823 1257 879 1323 illo
896 1257 996 1324 itede
1009 1257 1071 1324 bec
1213 1263 1219 1272 “
1277 1234 1294 1273 '⁵

69 1366 193 1432 quoque
221 1344 362 1414 sileatur.
451 1345 495 1414 35
522 1345 703 1414 secundis
734 1346 975 1434 temporibus
1005 1347 1073 1414 du·

68 1435 218 1522 biisque
249 1439 378 1503 rectus
418 1429 455 1502 'id
492 1442 556 1503 est:
592 1440 626 1503 et
660 1436 824 1525 prosperis
860 1441 894 1504 et
929 1436 1072 1504 aduersis
1206 1495 1210 1500 .
1269 1479 1300 1554 μὶ

69 1523 262 1610 aequitatem
283 1526 435 1592 retinens.
486 1526 549 1592 ’37
577 1525 718 1593 uindex
747 1547 886 1593 uuerco
912 1526 1114 1594 fraudium

67 1613 226 1682 uindicem
261 1636 349 1683 nunc
383 1637 443 1703 pro
472 1615 623 1703 punitore
651 1615 774 1703 posuit,
805 1615 881 1703 quie
909 1615 1073 1684 uindicare

68 1702 152 1788 apud
165 1708 290 1771 ueteres
304 1726 373 1772 non
385 1710 513 1772 tentum
527 1704 698 1773 defendere
712 1727 824 1773 uerum
842 1707 941 1772 etium
958 1707 1073 1793 punire

68 1792 235 1880 significet
315 1794 358 1862 38
386 1794 562 1863 ducentis
584 1795 629 1862 ed
652 1816 691 1862 se
715 1797 856 1890 ennete
877 1795 1074 1882 pecuniae.
1102 1867 1105 1874 Δ

68 1889 175 1949 utrum
200 1883 370 1969 pecuniam
397 1907 456 1972 pro
484 1885 622 1952 cueritiu
644 1885 767 1972 posuit,
788 1906 871 1972 queo
893 1885 1008 1952 merito
1032 1883 1074 1952 ud
1150 1884 1157 1898 “

69 1994 101 2038 ee
137 1971 252 2041 ducere
283 1979 400 2041 cuncte
430 1974 561 2059 dieitur,
592 1975 669 2062 quie
699 1975 790 2041 euuri
819 1995 932 2061 repere
964 1975 1113 2042 omniuo

69 2063 211 2149 student,
237 2083 282 2130 ao
308 2063 484 2132 ducentis
511 2065 557 2132 ed
584 2086 623 2132 se
652 2068 792 2132 ennete
817 2063 1005 2152 pecuniae
1032 2062 1074 2131 ud

67 2150 128 2220 boe
150 2152 293 2221 referens
320 2153 409 2240 dixit,
432 2156 508 2241 quie
529 2155 778 2242 pecuniosorum
799 2154 939 2243 gretiam
961 2176 1093 2246 omnes!

69 2241 267 2328 sequuntur?
334 2243 376 2309 39
400 2244 614 2330 consulque
636 2265 714 2310 non
736 2243 848 2310 unius
870 2243 970 2310 enni.
1009 2243 1074 2310 uir·

69 2334 152 2396 tutes
174 2334 260 2419 tuce,
281 2330 397 2418 inquit,
418 2336 451 2400 te
473 2337 664 2420 perpetuum
685 2333 852 2402 consulem
873 2332 1008 2400 faciunt

69 2420 110 2485 40
137 2421 203 2487 sed
228 2421 411 2508 quotiens
444 2422 567 2489 bonus
596 2427 710 2508 etque
737 2421 839 2489 fidus
866 2421 979 2489 iudex
1005 2422 1114 2489 hom
1233 2487 1237 2492 .
1283 2437 1302 2518 'l

69 2513 218 2577 nestum
248 2506 439 2596 prubtulit
468 2510 560 2578 utili
590 2511 730 2579 reiecit
760 2512 839 2579 elto
871 2511 972 2579 done
1005 2531 1074 2579 no·

70 2599 236 2667 centium
267 2601 378 2669 uultu
409 2622 476 2688 per
507 2601 709 2670 obstantes
741 2606 919 2670 outerues
952 2600 1074 2688 expli·
1106 2611 1111 2620 '

70 2689 148 2756 cuit
179 2711 247 2756 suo
277 2691 405 2758 uictor
431 2713 543 2759 erma.
600 2691 765 2778 quotiens,
791 2691 915 2779 inquit,
946 2689 1072 2758 enimus

69 2782 142 2846 tuus
172 2778 309 2848 honeste
340 2781 485 2848 iudicans
516 2782 661 2870 proemio
692 2780 802 2850 oblate
832 2804 853 2847 e
882 2780 1074 2849 nocentibus

69 2870 198 2959 respuit,
219 2871 340 2940 totiens
363 2871 524 2961 gloriosus
546 2870 588 2938 eb
610 2867 759 2940 hostibus
777 2870 948 2938 uictoriam
965 2893 1073 2960 repor·
1086 2893 1115 2936 eo

70 2959 159 3029 teuit
246 2963 292 3031 45
321 2982 399 3030 non
429 2961 693 3050 possidentem
722 2960 844 3031 multe
872 2961 1075 3029 uocauerie
1185 3045 1188 3051 ¹

70 3054 173 3118 recte
200 3053 368 3122 beatum:
395 3074 463 3120 non
491 3057 578 3120 recte
609 3051 776 3121 uocaueris
809 3051 942 3119 beatum
972 3052 1098 3118 multe'

71 3142 295 3225 possidentem.
376 3145 417 3214 51
448 3164 525 3211 non
547 3143 615 3211 ille
638 3165 706 3233 pro
729 3141 830 3211 coris
853 3139 987 3210 amicis
1009 3142 1075 3208 eut

138 3357 344 3414 usenbutM
411 3355 576 3415 teetioM
644 3353 1038 3428 eonnemprodeentii

72 3429 188 3500 letone
205 3445 268 3486 nore
287 3431 339 3486 eut
355 3446 423 3501 qme
441 3429 480 3487 M
554 3431 767 3500 tgeotuqnoun
786 3427 832 3496 M,
868 3443 888 3483 u
941 3425 977 3483 iie
994 3425 1075 3484 Hori·

71 3499 163 3629 dds.
179 3501 445 3632 ,oppnperpepffu
479 3500 708 3632 megum}
773 3505 823 3628 -i‘e
841 3515 963 3644 pm
974 3497 1075 3628 ‘nixib
1126 3541 1137 3550 “

72 3638 109 3694 Μ
161 3645 490 3720 ,uluecebensMbir
560 3642 948 3713 tubeotnmordoenong
1008 3663 1011 3670 ⁴
1139 3661 1156 3696 .-
