2672 4108
499 67 682 140 cosme.
1042 60 1104 132 89w
1157 41 1189 132 ’.

83 243 125 310 13
156 258 277 328 poene
309 231 535 320 occupetnni
571 231 833 299 seditionibus
866 227 922 320 [d]
954 228 1024 297 dcl
1056 252 1106 298 u..

80 327 301 414 seditionibus,
323 323 442 412 inquit,
464 320 613 389 ciuilibus
635 320 823 389 destrictum
844 320 1001 408 populum
1022 316 1087 386 Ro-
1198 335 1202 345 ·

77 439 213 488 menum
235 437 274 484 ex
296 412 463 482 occasione
488 431 592 499 poene
613 410 744 478 berbcri
766 409 963 478 deleuerunt
1044 411 1084 478 l'l
1179 451 1183 460 ·
1227 423 1245 494 ι·

82 507 243 576 fecunde
274 502 409 589 culpae
445 499 613 569 seeculst
657 505 771 569 nostm
802 499 923 568 scilicet
949 499 1086 567 soeculu
1203 523 1207 531 ¹

79 597 237 685 nuptias
258 593 420 682 primum
442 589 706 679 inquinauere.
749 611 809 678 per
829 590 959 677 nuptiss
981 587 1112 676 inqui-o

82 691 176 752 netes
202 684 274 751 uult
300 681 469 750 ostendero
495 701 556 750 nos
583 702 623 747 ex
644 681 716 767 ipse
737 681 833 769 culpe
854 683 1084 768 progeneratos
1119 741 1124 750 ,
1169 723 1172 728 -
1310 767 1311 774 ¹

80 795 118 842 sc
130 773 244 840 merito
261 769 343 839 nibil
356 774 479 838 rectum
497 770 532 837 in
545 769 615 838 uite
627 769 752 839 escere
810 768 852 837 19
881 768 953 839 boo
975 769 1084 838 fonte

74 863 256 930 detineto
277 860 407 928 clsdcs
428 860 449 925 i.
470 882 502 945 p.
524 881 556 947 p.
579 881 609 947 q.
631 859 655 926 t.
698 863 823 946 turpes,
843 859 959 947 inquit,
980 859 1084 926 coitus

80 951 273 1018 teminorum
299 945 499 1017 descendunt
529 947 564 1014 in
593 947 713 1016 liberos
742 968 882 1036 quoque,
912 947 1028 1015 deinde
1048 947 1085 1014 in
1203 991 1206 998 .

77 1038 346 1128 rempublicam.
412 1036 454 1104 21
501 1042 626 1105 motus
655 1038 687 1105 d.
709 1037 786 1126 g.I.
812 1037 846 1105 id
873 1041 936 1104 est:
969 1037 1150 1106 menese.
1186 1129 1189 1136 ι

74 1131 227 1216 saltatus,
258 1149 339 1215 quos
360 1125 457 1214 prim
479 1123 575 1194 lones
597 1127 802 1195 inuenemnt
867 1127 911 1194 22
940 1131 978 1194 et
1008 1126 1084 1194 lin·

78 1219 184 1307 gitur
205 1216 363 1284 ortibus.
408 1213 566 1284 ‘nulus’
588 1216 775 1306 legendum,
806 1215 972 1304 quianon
993 1215 1085 1284 uenit
1187 1263 1190 1270 ·

79 1330 100 1373 s
121 1307 321 1374 nominetiuo
344 1303 463 1372 ‘crus’
486 1304 542 1372 sed
566 1303 698 1373 ‘ertus’.
742 1305 904 1396 significet
925 1325 983 1392 per
1004 1305 1084 1373 mol·
1170 1308 1192 1400 ζ·

78 1396 173 1464 liores
203 1395 339 1463 saltatus
370 1394 495 1480 puellus
532 1394 653 1463 discere
689 1400 800 1484 torpes
831 1399 864 1462 et
893 1393 1084 1462 libidinosos

75 1487 183 1552 motus
213 1505 318 1550 renim
345 1483 556 1550 uenerierum.
632 1484 677 1551 24
717 1483 762 1551 de
796 1489 931 1551 tenero
967 1483 1123 1551 medi-¹⁵
1183 1497 1184 1502 ’

72 1575 182 1638 tetur
208 1572 336 1660 ungui.
375 1571 444 1656 ‚hoo
461 1571 674 1684 prouerbium
695 1574 736 1641 de
758 1571 879 1641 Graeco
902 1577 966 1660 est,
996 1572 1082 1678 quod
1131 1625 1133 1628 -
1251 1647 1256 1657 ,

78 1660 190 1727 dicunt
212 1659 249 1740 ἐξ
272 1655 431 1728 ἁπαλῶν
453 1685 622 1748 cccxcv,
649 1663 735 1749 quod
750 1663 912 1750 significat
934 1661 1083 1748 ‘opums

74 1747 237 1816 infentis’.
299 1749 342 1816 26
365 1771 488 1837 neque
510 1749 625 1838 eligit
647 1752 708 1817 cui
726 1750 845 1818 donet
860 1750 1083 1832 intermisso

73 1839 222 1924 purtim.
265 1859 380 1906 sensus
402 1843 466 1906 est:
495 1861 599 1927 neque
622 1861 663 1906 ex
684 1839 853 1908 occasione
876 1839 1009 1907 extincti
1031 1863 1081 1908 su·
1139 1908 1145 1918 ,
1210 1917 1214 1924 ,

77 1927 145 1994 bite
175 1929 210 1994 in
242 1927 392 1996 conuiuio
424 1928 556 1996 luminis
587 1935 741 2016 properet
771 1929 898 1998 adulter
927 1933 1005 2016 post
1034 1931 1121 1996 in-so
1217 1935 1221 1940 '

70 2017 243 2085 terne-llum
279 2017 448 2105 occultari,
483 2018 605 2087 scilicet
639 2019 746 2088 fecere
776 2042 846 2090 non
875 2017 1081 2108 permittente
1158 2102 1163 2110 ι

73 2103 201 2173 tantuin
223 2106 349 2193 merito,
371 2107 428 2175 sed
450 2108 549 2176 etism
571 2107 711 2179 iubente.
779 2110 824 2177 32
855 2108 1081 2184 dedecorum
1221 2147 1244 2190 ·.
1278 2127 1311 2190 ‚l

71 2196 267 2280 pretiosus
299 2199 456 2284 emptor.
505 2197 561 2284 qui
592 2197 750 2266 dedecore
779 2198 813 2266 id
844 2203 894 2267 est
924 2197 1082 2265 adulteris
1140 2255 1143 2260 ,

73 2304 193 2374 magno
215 2285 320 2373 pretio
343 2285 429 2354 emit
496 2286 540 2354 33
585 2308 662 2356 non
693 2287 754 2355 bis
785 2288 969 2356 iuuentus
996 2290 1082 2355 orto
1160 2295 1168 2308 '
1265 2304 1272 2326 ⁸

68 2375 299 2460 perentibus
330 2375 351 2440 i.
381 2397 409 2441 u
440 2397 466 2443 s.
519 2377 721 2463 melioribus,
755 2377 875 2464 inquit,
911 2380 983 2444 orte
1018 2376 1121 2445 luite

68 2463 258 2548 parentibus
280 2463 432 2530 iuuentus
461 2465 518 2530 illc
546 2465 635 2550 spud
662 2465 814 2550 antiquos
844 2469 989 2552 nostros,
1024 2465 1081 2552 qui

71 2547 157 2615 belle
178 2549 302 2618 Punice
323 2572 383 2638 pro
397 2551 512 2637 'petris
529 2553 627 2619 etism
640 2552 956 2640 neuslibusproeliis
970 2553 1080 2641 gessit
1143 2590 1167 2634 ·.
1220 2559 1275 2635 ‘.‡

158 2638 200 2705 37
224 2638 291 2707 sed
313 2641 546 2708 rusticorum
576 2640 1080 2729 mssoulemililumproles.
1190 2647 1196 2653 “
1271 2645 1278 2711 ὲ

66 2725 227 2812 hodieque
262 2749 301 2794 ex
336 2729 465 2796 rusticis
500 2729 638 2796 maxime
669 2729 789 2797 milites
819 2730 897 2807 lecti
931 2729 1079 2798 meliores
1148 2751 1155 2758 ·

1249 1409 1252 1431 ι
1310 1405 1311 1410 ,

1310 1539 1311 1550 t

67 2812 237 2882 habentur.
304 2816 347 2882 39
387 2821 426 2882 et
452 2837 609 2884 seuerae
636 2819 770 2884 metris
799 2818 846 2883 ud
874 2817 1160 2892 arbitrium·
1278 2855 1306 2889 .-

68 2901 212 2969 recisos
234 2905 391 2990 pertore
413 2903 545 2972 fustes.
591 2903 671 2972 mire
700 2905 760 2972 sim
784 2905 940 2974 lidtstem
966 2909 1001 2974 et
1021 2927 1078 2994 pe·

66 2990 216 3060 tientiem
242 2990 363 3061 laboris
395 2993 431 3060 in
461 2993 633 3062 iuuenibus
654 2997 719 3082 'per
744 2927 783 3062 id
805 2996 960 3084 ostendit,
991 2995 1078 3084 quod
1207 3021 1210 3024 ·
1310 3081 1311 3114 ,

68 3081 165 3148 etiem
188 3085 327 3148 metrum
348 3083 504 3167 potestati
526 3105 560 3150 se
578 3083 775 3172 subicerent,
797 3107 871 3152 cum
893 3087 959 3152 ism
980 3089 1015 3153 et
1035 3083 1078 3151 ed

138 3271 344 3351 cucumim:
362 3293 377 3348 i
396 3292 435 3349 Μ
503 3297 629 3364 tpoene
646 3300 672 3350 ct
688 3294 838 3352 doluerunt
855 3293 896 3352 Μ
950 3300 1076 3366 tmqm·

70 3363 150 3418 nelos
169 3363 208 3419 M
279 3367 312 3418 12
331 3363 731 3434 antonnacum]
809 3365 1110 3436 laper'olm.376.··

68 3430 214 3495 perrdM
248 3447 251 3456 ·
283 3431 454 3487 unsltstm
467 3432 769 3488 Heutbelcssltmdl
838 3439 871 3489 lt
895 3431 1080 3491 ΘΝΙΧωΝΜ
1150 3481 1162 3490 .

69 3499 101 3547 rs
127 3497 224 3551 seut
247 3503 317 3552 neco
404 3498 780 3556 conclamantum
832 3499 1052 3571 repressum

67 3565 102 3616 80
119 3579 249 3622 oseuerse
268 3564 308 3621 M
376 3572 410 3623 ³2
428 3570 509 3637 perit,
522 3567 560 3623 M
