2708 3842
226 13 290 93 154
330 78 335 88 ,
617 22 767 82 ΕΡΟΒΟΝ
785 27 810 80 b.
927 34 930 42 ’

103 249 107 256 .
223 189 271 256 ita
291 191 330 258 ut
349 189 449 256 uellet
469 187 612 254 efficacis
625 205 704 270 esse,
726 205 809 271 quae
821 205 949 251 uenena
961 183 1093 251 Medeae
1112 189 1234 274 essent,

224 278 340 365 quibus
361 277 418 344 ills
439 298 499 343 usa
520 275 572 360 sit,
593 296 667 341 cnm
690 295 725 341 se
747 271 786 339 de
808 273 910 358 pelice
932 295 992 340 sua
1013 269 1134 340 Glauce
1156 274 1230 341 ulta

224 371 281 432 est
339 365 482 431 &cum
503 361 608 448 palla
628 360 720 428 tabo
741 381 878 426 munus
900 359 1088 427 inbutum.
1123 361 1230 446 palla
1276 375 1280 386 '

222 473 357 520 munus
392 451 497 540 figura
526 451 591 536 est,
626 469 708 536 quae
738 444 930 532 ἐπεξήγησις
957 448 1082 515 dicitur.
1136 448 1228 516 tabo

195 543 331 606 ‘autem
352 559 441 607 nunc
461 536 628 605 ‘ueneno’.
671 535 767 603 aliter
787 534 863 603 Uer
893 535 998 604 ilius:
1020 536 1118 604 Huic
1141 543 1232 606 atro

221 629 453 714 linquuntur
487 625 676 713 sanguine
712 626 847 711 guttae
907 627 923 690 t
957 629 1100 691 terram
1135 626 1232 693 tabo

221 716 397 784 maculat
463 715 506 784 69
542 711 729 782 indormit
758 713 889 780 unctis
920 713 1087 781 omnium
1123 714 1228 782 cubi·

221 805 324 874 libus
346 803 544 871 obliuione
565 803 757 888 paelicum
780 807 813 867 et
834 803 966 888 reliqua
1002 804 1139 870 obscura
1161 805 1226 871 elo·
1292 833 1294 840 ·

221 892 324 979 cutio,
358 913 440 980 quac
478 891 524 959 sic
559 889 739 958 ordinanda
769 893 838 956 est:
877 889 1033 957 indormit
1068 891 1227 960 cubilibus

180 981 327 1049 annom
358 979 521 1048 obliuione
552 979 693 1046 omnium
722 977 889 1064 paelicum
947 982 981 1046 et
1016 984 1067 1046 est
1097 1002 1229 1049 sensus:

219 1071 329 1226 ee
352 1067 769 1246 mecaenas:
785 1067 1228 1242 fleam
1275 1100 1279 1108 ·

221 1246 342 1315 obliuio
373 1247 404 1315 ei
434 1245 530 1312 datur
560 1244 704 1313 omnium
734 1206 902 1331 psielicum.
951 1245 1089 1332 paelices
1118 1251 1227 1314 autem

221 1333 357 1405 (inuidia
386 1358 446 1423 pro
477 1357 512 1402 se
541 1334 611 1402 sola
632 1333 723 1401 dixit
799 1334 840 1399 71
873 1355 936 1400 aa
965 1334 1116 1402 solutus
1151 1357 1230 1402 am·

151 1425 331 1500 'abulat
360 1424 559 1491 ueneficae
593 1421 818 1489 scientioris
848 1421 1025 1489 carmine.
1077 1423 1141 1490 hoc
1168 1429 1266 1510 est,-

221 1513 306 1598 quod
337 1511 509 1599 ingemuit,
539 1511 625 1596 quod
654 1510 720 1577 alia
749 1509 902 1577 scientior
927 1510 1072 1578 uenefics
1093 1511 1230 1579 inuenta

220 1599 527 1687 sitquamipsaest
591 1598 633 1666 76
655 1599 700 1664 ad
722 1619 779 1664 me
801 1619 977 1666 recurres
994 1606 1067 1664 nec
1089 1605 1228 1667 uocata

217 1709 324 1755 mens
354 1690 422 1754 tus
451 1685 591 1754 Marsis
621 1685 767 1754 redibit
794 1686 965 1754 uocibus.
1023 1707 1119 1756 uoces
1151 1709 1227 1756 suas

218 1775 344 1843 Mamas
367 1775 444 1843 dicit
465 1775 558 1862 qussi
580 1775 736 1863 magicas,
767 1778 806 1842 ut
831 1775 876 1842 sit
897 1797 1024 1842 sensus:
1056 1797 1147 1842 mans
1169 1781 1227 1843 tua

180 1864 354 1954 »magicis
375 1863 456 1931 meis
477 1863 611 1932 uocibus
634 1863 733 1930 semei
755 1867 889 1930 euocata
910 1884 1087 1950 numquam
1108 1864 1227 1932 redibit

220 1953 261 2020 sd
283 1953 464 2021 sanitatem
512 1955 571 2019 aut
598 1950 754 2038 numquid
783 1950 846 2018 hoc
874 1950 965 2019 dicit:
1006 1973 1097 2018 mens
1126 1956 1228 2042 tusa

220 2063 271 2108 me
287 2041 456 2108 incantata
475 2061 554 2108 num
577 2060 652 2106 uam
673 2037 804 2124 redibit,
831 2039 928 2106 etiam
950 2039 979 2106 si
1000 2038 1117 2106 Marsis
1140 2040 1225 2108 uoci·

219 2128 281 2196 bus
314 2127 504 2197 reuocetur?
620 2127 653 2220 ¹i
688 2131 796 2194 autem
831 2127 928 2214 periti
966 2127 1224 2196 incantationum

220 2222 306 2284 sunt
365 2216 442 2283 huic
468 2215 566 2282 etiam
592 2215 640 2282 rei
662 2214 861 2303 Uergilius
889 2215 983 2282 testis
1009 2219 1072 2300 est,
1107 2217 1162 2302 qui
1185 2217 1225 2284 de

178 2303 299 2374 :doce
315 2303 495 2372 Marsorum
508 2303 555 2372 sic
577 2304 637 2371 sit:
661 2302 937 2392 Spargere'qui
959 2325 1112 2372 somnos
1135 2324 1225 2372 can·

219 2397 335 2481 toque
369 2414 558 2482 manuque
589 2393 749 2461 solebat
825 2393 868 2461 78
903 2392 1127 2461 fastidienti
1158 2416 1226 2481 po·

219 2483 351 2550 culum
395 2481 635 2549 fastidienti:
657 2503 709 2549 me
727 2479 857 2548 scilicet
928 2481 972 2550 86
994 2481 1101 2549 misit
1123 2480 1223 2569 'Phy-

92 2583 103 2597 ·
218 2574 504 2658 estesspracss
543 2569 664 2637 idest:
700 2569 786 2637 diras
813 2571 1046 2639 exsecrationes
1073 2570 1223 2659 qualibus

122 2719 157 2730 ..
217 2659 957 2750 intragoediis'l'byestesdtreumexsecratur.
1014 2659 1226 2730 adsensus

154 2765 395 2840 ·ssmagnum
415 2749 475 2817 fas
496 2748 683 2836 nefasque
705 2769 783 2815 non
808 2748 949 2817 ualent
993 2769 1148 2838 magnum
1172 2751 1225 2819 ius

289 2889 490 2955 assume
560 2888 796 2956 senonense

286 3033 305 3080 1
336 3027 510 3084 medeessent
541 3027 580 3084 Μ
628 3045 747 3084 uum..
770 3027 827 3085 sint
856 3027 1012 3100 septenas
1082 3029 1223 3088 telonae

218 3096 259 3155 Π
334 3105 353 3152 4
382 3097 585 3156 mmo(
733 3104 750 3156 t
777 3099 923 3170 liquantur
952 3100 1046 3168 multi,
1075 3099 1223 3158 munus

216 3181 308 3226 m
330 3166 407 3242 Uero.
425 3170 502 3228 codd.
579 3176 611 3228 ιι
629 3185 722 3229 nmmo
740 3186 797 3242 qus
814 3169 854 3236 Μ
921 3171 1061 3231 ueneficae
1078 3172 1178 3230 addidi

157 3287 166 3299 .
218 3239 454 3299 aasumensi
505 3241 735 3314 ltutqmdM
786 3241 972 3301 ueneficmM
1024 3248 1057 3301 1⁷
1074 3245 1220 3302 recurrs'm

217 3311 259 3368 Π
325 3317 361 3368 tt
386 3313 661 3382 qnidedueesor:
709 3331 739 3370 m
765 3313 915 3371 edoodffl
939 3312 989 3387 qui
1015 3315 1051 3372 de
1078 3313 1220 3372 ncmdote

208 3381 352 3468 flatiani
386 3388 420 3438 st
441 3331 742 3471 yerffludtarrubis
762 3385 855 3471 sequit
875 3385 955 3444 uenit
971 3385 1006 3444 de
1028 3389 1113 3460 geute
1130 3401 1246 3443 sacer·-

214 3451 544 3600 Q'ssmwmiib
564 3455 914 3586 hisquae-ommno}
924 3473 1026 3532 regem·
1041 3457 1090 3516 sed
1112 3457 1223 3516 duoem'.

1102 3783 1202 3809 *Ψ*
