2672 4108
442 131 592 192 EPODON
610 140 634 191 1.

348 403 493 480 LIBER
519 403 719 482 EPODON.

118 579 200 648 Ibis
235 579 423 649 Iaiburuis
464 581 570 648 inter
609 581 690 648 alta
725 583 883 650 nauium
919 584 1039 652 amice
1153 619 1157 626 ·

34 671 334 763 propugnacula
378 670 461 758 liber
482 670 536 737 hic
558 669 738 738 EPODON
760 673 959 759 inscribitur,
981 675 1040 740 sci·

33 763 107 828 licet
128 759 215 847 quod
232 759 280 827 ita
302 781 414 827 uersus
437 760 473 826 in
500 781 539 827 ec
562 759 703 828 ordinati
725 766 815 848 sunt,
844 765 882 828 ut
903 761 1039 849 singulis
1157 813 1189 828 .-
1246 718 1305 791 ¹³·

34 849 211 936 quibusque
247 849 409 914 clausulae
441 869 518 914 suaa
550 850 706 917 recinant
750 851 911 917 clausulas
933 854 1068 922 autema

32 938 121 1025 lyrici
135 937 302 1024 adpellant
314 937 408 1024 quasi
419 938 582 1024 praecisos
596 960 709 1006 uersus
722 937 859 1028 integris
872 939 1041 1026 subiectos,

33 1027 134 1113 qualis
147 1027 497 1094 estsecundusamice
520 1030 814 1117 propugnacula
835 1033 869 1095 et
881 1029 1042 1133 deinqepq

33 1116 145 1202 quibus
167 1116 265 1182 tertia
286 1138 362 1202 pars
384 1116 678 1221 ‹lecatuquominus
696 1118 764 1185 sint
775 1118 1041 1205 praecedentibus
1102 1171 1105 1178 .
1156 1177 1159 1182 .

33 1205 149 1272 similes
172 1203 205 1270 id
228 1209 278 1272 est
299 1204 363 1293 ipsi
385 1227 518 1292 aenaru,
549 1227 630 1292 quos
652 1207 768 1274 mento
790 1207 933 1275 besseles
955 1208 1041 1275 clau·

32 1295 117 1361 sulas
139 1295 305 1382 adpellant
326 1297 348 1377 †
370 1294 492 1362 &alben
536 1295 623 1363 bessi
647 1296 732 1386 enim
751 1296 849 1364 tertia
865 1319 941 1384 pars
959 1318 1040 1384 cpue
1054 1322 1081 1367 ιο

38 1387 97 1472 est,
118 1388 157 1450 ut
178 1384 305 1471 integer
326 1383 394 1451 fiat
473 1384 550 1452 ibis
594 1383 779 1453 Liburnis
823 1386 928 1454 inter
962 1387 1043 1454 alta

34 1473 189 1540 nauium
225 1474 345 1541 amice
381 1475 687 1563 propugnacula.
731 1476 1043 1544 nonuideturnere·
1084 1523 1088 1532 .
1175 1547 1183 1554 ,
1229 1476 1292 1557 ἕξ

34 1561 165 1629 candiae
187 1561 305 1631 Horati
328 1565 519 1650 conuenire,
550 1566 589 1631 ut
619 1564 758 1632 amicum
790 1587 824 1632 se
846 1563 1042 1632 Maecenatis

33 1651 125 1736 dicat,
147 1673 221 1718 cunr
243 1653 394 1719 clientem
416 1653 534 1720 debeat
556 1653 670 1720 dicere.
715 1653 871 1740 numquid
895 1675 973 1742 ergo
996 1655 1043 1721 sic
1090 1706 1093 1712 .

33 1741 210 1808 ordinanda
243 1741 372 1829 phrasis
396 1747 468 1828 'est
503 1746 541 1810 ut
571 1741 688 1810 ‘amice
717 1740 880 1811 Caesaris'
915 1744 1041 1812 intelle·
1054 1767 1081 1813 n

35 1851 145 1916 gamus
168 1834 202 1898 et
222 1832 296 1901 ideo
318 1833 369 1899 bis
402 1830 577 1901 ‘Caesaris’
600 1833 822 1920 accipiendum
845 1832 918 1920 erit,
939 1838 978 1901 ut
999 1834 1043 1901 ait
1086 1907 1090 1918 ἱ
1132 1835 1135 1842 ’

34 1919 109 1986 tale:
132 1920 234 1989 amice
257 1918 417 2008 Caesaris,
444 1921 628 2009 Maecenas,
649 1923 712 1990 ibis
734 1921 887 1991 Liburnis
908 1928 1042 2010 paratus

32 2010 206 2095 periculum
238 2008 385 2080 Caesaris
417 2016 474 2079 tuo
506 2011 649 2101 periculo
681 2012 813 2081 subire?
901 2013 1041 2102 tqnid
1124 2055 1127 2062 ·

33 2100 278 2256 noctquibus
307 2105 352 2206 'te
388 2102 471 2256 apta
501 2102 535 2170 si
567 2103 779 2260 qppeppttiiqq
810 2103 980 2224 iucprqda
1002 2125 1043 2260 pp

33 2209 467 2348 qqpequpppaqis.meli1ps
490 2214 585 2348 ἓξὲξ
615 2215 663 2350 sig
690 2215 1082 2370 logusffnnmquit'ns’

32 2369 64 2431 te
86 2370 256 2456 superstite
279 2369 349 2437 uita
370 2369 511 2437 iucunda
533 2376 596 2457 est,
619 2372 647 2438 si
660 2377 776 2439 contra
797 2373 841 2439 sit
861 2391 962 2460 graue
984 2377 1044 2440 est

36 2475 111 2542 ergo
133 2457 267 2524 uerbum
291 2459 488 2526 extrinsecus
510 2459 562 2526 bis
585 2460 807 2547 accipiendum
828 2463 850 2544 †
872 2461 1044 2543 erepsit

33 2547 68 2608 ut
101 2546 198 2631 plana
233 2547 292 2613 liat
326 2548 501 2634 eloquutio.
587 2549 608 2616 6
650 2550 683 2628 si
724 2554 860 2618 contra
900 2550 1043 2638 grauis.

34 2639 167 2701 contra
197 2635 330 2703 idest:
368 2636 535 2726 superstiti
566 2638 736 2726 contraria
805 2639 824 2707 'l
861 2643 1082 2707 utrumners

33 2718 128 2789 iussi
150 2745 424 2810 persequemur
451 2727 582 2794 otium.
627 2727 826 2795 iussiate.
871 2730 929 2794 aut
949 2749 1042 2795 nurn-
1153 2769 1166 2783 ·-
1295 2727 1318 2786 .'

34 2809 107 2892 quid
138 2809 340 2883 aaneare?
375 2813 495 2882 dicitur
525 2815 612 2882 enim
643 2812 763 2883 Caesar
788 2817 959 2921 Augustus
989 2816 1043 2884 ‹la-

36 2895 118 2966 disse
152 2900 290 2971 Horatio
335 2904 471 2971 militiae
512 2904 730 2990 uacationem,
770 2927 845 2972 cum
880 2906 952 2972 slus
987 2925 1042 2972 ue·
1263 2873 1280 2897 μ

35 3027 242 3048 Ἢ*

11 3129 13 3138 ‚
99 3100 115 3150 2
142 3094 312 3155 EXPLICIT
335 3097 445 3154 LIBER
464 3095 641 3155 CARMINIS
659 3095 873 3167 sunniatas
903 3097 1041 3156 INCIPI'I'

35 3157 191 3234 EP0D0N3
246 3171 403 3226 emanant
422 3169 460 3226 M
521 3169 755 3242 tlnrreuapellant
773 3170 812 3227 M
885 3176 902 3226 9
920 3170 1042 3226 benaias
1088 3232 1093 3246 ,

36 3229 137 3306 Pauly:
150 3236 261 3295 besules
271 3239 310 3294 M
362 3247 396 3296 10
415 3239 542 3311 apellant
558 3240 596 3296 M
634 3243 677 3298 ast
690 3257 708 3296 a
720 3241 771 3298 bea
781 3241 884 3313 Pauly,
899 3239 952 3314 [et]
967 3240 1042 3298 abes

36 3299 171 3376 Ructat,
198 3312 228 3366 et
254 3311 375 3367 alterum
402 3310 452 3367 bes
478 3327 528 3368 acc
553 3313 693 3374 (scuriae
714 3329 776 3368 mm
797 3313 954 3382 tetrapndc'a
971 3316 1043 3368 -6

42 3373 216 3448 ÷4pcrta
234 3405 269 3428 ι-
287 3377 464 3453 trutinaeque
491 3383 527 3451 cf.
551 3381 711 3439 Vitaauiam
728 3387 760 3450 3,
784 3388 816 3451 1,
842 3387 861 3440 6
888 3388 913 3438 et
930 3381 1043 3440 Fam

32 3457 59 3510 p.
76 3449 150 3506 363α
168 3451 300 3524 Mueller)
379 3452 453 3511 bessi
473 3451 582 3526 Pauly:
608 3453 671 3512 baar
689 3453 728 3510 Μ
809 3459 842 3511 lt
860 3457 934 3514 orsu
953 3455 991 3511 Μ

37 3518 67 3606 ξῡ
93 3517 172 3578 basus
192 3523 231 3579 Μ
304 3531 338 3582 2³
366 3541 420 3596 ego
439 3525 478 3581 M
565 3541 652 3582 exeo
670 3528 709 3583 art
726 3525 776 3596 Μ,
803 3525 823 3582 i.
840 3543 864 3584 e.
883 3525 921 3583 sit
939 3525 1042 3600 Pauly,

50 3587 105 3662 ,ἐπ’
124 3597 150 3644 et
168 3591 235 3648 ‘ait’
254 3611 304 3651 aaa
318 3595 352 3664 (si
365 3597 394 3651 te
408 3594 557 3664 superstite
570 3595 689 3666 uitauit,
706 3595 830 3652 iucunda
843 3598 895 3667 eat,
907 3594 932 3653 si
945 3599 1042 3654 canus

37 3653 77 3718 ¹²2·
95 3671 178 3724 mue
197 3662 252 3732 est)
323 3671 358 3720 28
377 3667 468 3720 oratic
486 3664 526 3718 Μ
584 3733 585 3736 ¹
