2672 4108
266 112 355 210 102*
666 140 739 198 ons
757 142 805 212 nr,
823 148 866 199 ue.
953 187 963 202 .

265 309 382 391 autem,
404 302 490 392 quod
511 324 547 370 re
567 323 648 370 uera
667 301 824 389 uidemus,
844 285 937 370 tanto
951 301 1132 389 cupidiores
1145 303 1272 370 auario-

90 453 95 465 .
199 467 209 482 ‚
266 414 383 482 resque
404 391 476 460 fieri
496 391 659 478 homines,
698 392 920 496 quantoplus
949 390 1129 478 adquirant
1227 393 1269 460 21

263 487 409 569 quanto
445 481 605 570 quisque
640 480 716 548 sibu
750 481 862 567 plura
902 479 1121 568 negauerit,
1156 503 1177 548 a
1213 481 1271 548 die

262 571 376 658 plura
409 570 516 639 feret
565 569 652 637 bella
681 569 795 637 relatio
831 591 946 637 sensus
977 573 1037 656 eet,
1077 591 1141 656 qua
1172 569 1271 658 sigui-

235 659 342 730 edcat
371 681 407 728 se
437 681 505 727 nou
532 658 618 726 inter
645 679 762 725 anuos
792 658 954 725 numerari
984 657 1081 744 nelle,
1113 657 1188 746 quie
1210 679 1271 726 uec

262 748 534 836 ipaeeetauarua
601 746 645 815 23
667 750 705 814 et
725 747 932 852 transfuga
953 745 1117 814 diuitum
1139 751 1270 834 partes

262 838 438 924 linquere
468 836 605 926 gestio.
647 835 867 924 perseuerauit
887 835 1147 904 rutrauslatione
1165 839 1270 905 trane·

261 927 375 1016 fugam
397 927 546 1014 dicendo,
572 947 646 994 curu
668 948 767 1013 snpra
788 925 907 994 ‘casm
927 925 1026 1012 peto’·
1039 925 1181 994 dixisset

261 1016 306 1085 28
328 1039 386 1084 ma
417 1039 486 1084 nee
507 1017 610 1083 inter
632 1038 723 1102 opes
745 1016 866 1103 inope.
902 1015 995 1102 belle,
1012 1017 1097 1103 quia,
1115 1016 1171 1104 qui
1189 1015 1281 1084 mul?

220 1109 332 1175 return
353 1106 398 1173 he
437 1109 465 1190 t,
495 1105 569 1192 plns
592 1105 763 1190 desiderat,
794 1103 887 1190 quasi
914 1103 970 1190 qui
991 1103 1087 1190 inops
1109 1109 1173 1190 est,
1208 1125 1269 1172 nec

261 1195 350 1260 enim
370 1193 479 1280 habet,
501 1192 587 1282 quod
609 1193 690 1279 uult,
712 1192 807 1260 sicuti
828 1192 885 1279 qui
906 1213 982 1259 nere
1004 1192 1117 1280 inopes
1140 1197 1225 1260 sunt.

258 1281 304 1350 29
339 1303 456 1370 purae
490 1283 598 1350 riuus
628 1303 752 1368 aquae
779 1280 954 1368 silueque
980 1279 1155 1370 iugerum
1176 1303 1269 1370 pau·

259 1391 388 1439 corum
410 1375 449 1440 et
479 1371 629 1460 segetis
661 1375 768 1438 certa
797 1369 898 1438 sides
927 1391 1031 1438 meae
1052 1370 1268 1459 fulgentem

259 1459 420 1548 imperio
442 1460 605 1531 ¹fertilis
638 1459 792 1528 Africae
828 1459 935 1527 fallit
970 1464 1075 1528 sorte
1106 1459 1269 1529 beatior.

220 1555 459 1618 uocemue-est:
491 1549 614 1637 agellus
636 1569 727 1615 meus
749 1549 897 1634 quamuis
920 1548 1010 1616 oneri
1032 1547 1113 1614 mihi
1134 1550 1268 1634 nonsit,

224 1713 229 1722 ³
259 1635 503 1724 locupletiorem
534 1658 586 1703 ure
617 1640 728 1704 tamen
756 1635 836 1704 facit
866 1633 963 1724 (nilud
985 1637 1123 1724 amplius
1146 1637 1269 1705 scilicet

258 1723 526 1816 desiderantem),
556 1748 654 1814 quam
675 1725 729 1792 ille
752 1729 810 1812 est,
841 1725 897 1813 qui
919 1724 981 1792 sibi
1003 1727 1109 1793 clarus
1131 1726 1269 1814 uidetur,

258 1815 345 1900 quod
375 1815 550 1883 latissimae
580 1816 762 1902 multasque
792 1813 913 1882 habeat
940 1815 975 1880 iu
1003 1814 1116 1882 Africa
1141 1836 1267 1902 posses-

257 1903 376 1972 siones.
419 1905 484 1973 hoc
510 1924 587 1992 ergo
614 1903 738 1972 fallitur
762 1903 817 1970 ille
838 1903 996 1989 locuples,
1026 1902 1114 1989 quod
1135 1924 1170 1970 se
1192 1903 1266 1971 bea·
1292 1913 1295 1920 ‘

217 1991 374 2064 artiorem
402 1993 529 2061 iudicet
609 1993 652 2060 33
696 2014 921 2078 quamquem
964 2011 1039 2072 nec,
1078 1989 1265 2060 Calabrae

256 2082 376 2148 mella
396 2081 530 2149 ierunt
551 2102 650 2167 epea
694 2080 771 2148 lieet
791 2102 851 2147 nec
864 2079 899 2146 iu
912 2077 1063 2147 Calabria
1074 2080 1266 2168 possideam,

88 2166 95 2217 3
146 2163 156 2189 '
254 2168 370 2256 inquit,
390 2169 446 2236 ubi
468 2171 531 2237 mel
553 2169 712 2256 optimum
728 2169 880 2235 nascitur.
924 2167 1265 2254 34uecLeeetry·

202 2321 207 2330 .
283 2257 374 2324 onia
403 2256 578 2325 Bocchus
608 2257 649 2324 in
679 2258 870 2344 amphora
914 2255 1151 2344 Laestrygones
1175 2258 1265 2345 oppi-

255 2277 332 2412 dum
363 2344 559 2434 campaniae
586 2345 733 2414 Formias
763 2346 906 2414 huniae
937 2345 1096 2412 dicuutur.
1140 2345 1176 2412 iu
1208 2347 1265 2414 ille

215 2437 366 2506 sautem
396 2435 539 2524 regione,
574 2435 727 2524 quoniam
758 2457 875 2503 saxosa
905 2437 964 2521 est,
998 2434 1265 2520 pretiosissimum

160 2537 163 2542 “
254 2522 739 2612 uinnmcampannmuascitur.
782 2522 1008 2591 34Beccbns
1026 2523 1066 2588 in
1080 2524 1265 2610 amphora

254 2611 486 2701 languescit
539 2613 623 2681 belle
654 2612 888 2702 languescit,
923 2611 1015 2716 quasi
1047 2613 1186 2680 senescit
1226 2635 1264 2682 ac

241 2705 313 2787 'per
341 2701 405 2771 hoo
430 2703 610 2770 ueterescit
653 2706 687 2770 et
708 2703 956 2788 paulopostart
976 2699 1157 2768 Promere
1180 2703 1263 2770 leu-

254 2789 434 2877 gnidiora
455 2792 555 2859 nina
609 2791 652 2859 39
674 2793 877 2858 contrecto
899 2789 1036 2857 melius
1058 2812 1178 2876 parua
1200 2813 1263 2858 cu·

85 2922 89 2935 ·
211 2877 387 2964 »picino
417 2879 639 2982 uectigalia.
686 2879 898 2966 uectigalia
928 2899 989 2964 pro
1020 2877 1175 2945 reditibus
1205 2901 1263 2967 po·

200 2997 215 3015 ·
256 2965 339 3068 suit·
397 2986 526 3068 proprie
566 2967 653 3033 enim
691 2966 739 3032 rei
773 2965 920 3068 publicae
955 2965 1076 3034 reditus
1112 2966 1264 3036 dicuntur

254 3053 436 3142 uectigalia
459 3089 502 3104 -·
533 3057 736 3122 contracto
767 3053 903 3121 melius
934 3076 1056 3141 parua
1082 3056 1263 3142 cupidine

254 3142 469 3230 uectigalia
489 3143 780 3231 porrigam[ue].
824 3162 938 3209 sensus
959 3144 1140 3210 communis
1157 3149 1209 3212 eet
1230 3148 1264 3212 et

256 3235 470 3251 ψ

325 3265 361 3319 ee
396 3262 442 3319 oo.
459 3269 503 3333 ur,
520 3269 546 3321 e.

325 3365 905 3440 amalandeacpereemeeoerw
965 3371 1113 3427 deumld
1166 3370 1263 3442 loqui

254 3434 329 3494 det?
414 3438 600 3511 uper-rol!
687 3439 912 3496 lduouodds'de'
988 3441 1061 3498 eal
1174 3457 1261 3499 uua..

254 3507 416 3565 minu
452 3509 722 3583 teleetygoueaM
772 3513 1068 3581 represso-remum
1154 3516 1262 3569 toam-

255 3577 370 3662 lorals
437 3579 1121 3655 nbesse..2fluetereac1tm.2.e'emaro.lt
1163 3585 1263 3653 adpro

255 3667 313 3706 aare
334 3649 472 3708 reddam
492 3649 644 3726 improprie
665 3653 767 3725 pouit
815 3651 927 3724 proprie
952 3653 1028 3710 enin
1050 3652 1090 3710 Η.
1107 3653 1263 3724 sepem

641 3907 873 3926 mou-unw-
902 3905 985 3920 --ι-ιιιυ·
1001 3895 1198 3919 πικτ-’Ψνθ-““Γ
