2644 3844
411 91 532 150 annuo
550 92 572 163 1.
592 99 635 164 ro,
652 97 750 150 o-u.
1014 87 1095 155 23'o

78 257 191 328 Lucilii
217 273 331 321 uersus
354 211 566 340 dampnassst
587 253 623 320 in
644 274 684 320 ea
712 257 836 340 satura,
862 273 959 340 quam
984 272 1085 336 supra
1153 243 1158 252 ’
1304 252 1305 261 ’

78 345 204 430 babuit,
234 363 317 428 quae
343 341 390 409 sio
416 341 531 428 incipit
560 339 723 428 Eupolis
754 345 878 432 atque¹
899 337 1083 409 Cratinus

80 430 437 519 Aristophanesque
458 434 606 518 poetae.
641 453 719 498 nam
740 430 934 504 dixeratibi
954 429 1083 498 Durus

76 542 307 610 componere
328 541 477 606 uersna3
498 541 587 586 num
607 518 685 586 duit
700 518 773 587 boo
790 521 967 588 uitiosus
995 539 1085 586 nuno

80 617 187 680 autem
213 609 292 677 dicit
321 629 390 677 nou
421 629 457 676 se
487 611 620 694 poetam
649 607 853 695 inprobasse,
884 607 941 676 scd
971 624 1115 674 uersum
1248 629 1254 636 ·

79 701 148 769 eiua
173 719 254 785 quoa
280 718 349 764 non
375 717 435 765 suo
461 695 543 764 uitio
572 695 669 764 duros
693 695 749 763 sed
771 695 891 764 saeculi
911 695 996 763 fecit
1061 695 1085 762 3

77 787 228 854 atidem
245 785 347 872 qnod
366 785 445 852 sale
462 785 584 851 multo
601 782 734 851 urbem
751 783 935 851 defricuit
951 781 1087 850 charta

76 873 268 942 laudatur.
322 873 423 940 salem
448 893 509 959 pro
537 871 722 940 urbanitate
747 873 867 959 posuit.
919 871 976 939 aad
1001 871 1086 938 sales
1217 901 1228 954 j

78 962 114 1029 in
135 962 197 1029 bao
219 961 455 1050 significatione
477 961 646 1048 pluraliter
667 961 774 1028 solent
793 960 858 1028 dici
879 981 992 1028 uerum
1009 959 1087 1045 quia

74 1050 265 1117 defricuit
286 1049 430 1117 diobrros
447 1053 526 1133 erat,
547 1069 679 1115 necessu
700 1047 815 1116 hebuit
831 1049 925 1136 quasi
947 1047 987 1114 de
1006 1067 1086 1114 uero
1101 1073 1129 1114 ro

77 1137 167 1224 loqui
193 1140 228 1206 et
253 1137 326 1206 ideo
353 1137 512 1226 singulari
537 1157 672 1205 uimroro
699 1136 788 1204 dixit
837 1136 956 1205 scimus
977 1141 1086 1204 autem

75 1225 236 1294 Lucilium
249 1227 382 1294 urbanis
401 1227 523 1294 salibus
544 1227 664 1293 multos
677 1225 899 1295 Romanorum
921 1227 1087 1312 carpsisse.

166 1317 188 1382 ὅ
218 1313 303 1382 uam
334 1317 391 1383 aio
417 1320 455 1382 at
480 1313 620 1381 Labori
646 1314 789 1380 mimos.
832 1315 948 1381 Μαι·
977 1315 1089 1380 minos

76 1407 178 1489 negat
207 1423 327 1490 magno
351 1423 404 1469 ero
435 1400 600 1468 mirandos
636 1421 722 1489 esse,
756 1401 904 1487 quamuis
939 1401 1019 1468 iocis
1053 1404 1088 1467 et

77 1489 290 1558 amaritudine
318 1424 520 1557 elrundantos
547 1489 628 1575 sint,
652 1509 689 1556 re
714 1509 795 1556 nera
818 1488 958 1556 humiles
989 1492 1022 1556 et
1050 1487 1087 1554 iu
1100 1512 1128 1557 ra

77 1577 185 1640 uerbis
207 1579 242 1640 at
262 1577 298 1641 iu
320 1577 584 1659 conceptionibus
605 1581 635 1640 ct
660 1576 697 1639 ιἰι
722 1575 866 1639 materia
947 1576 966 1638 ‘1
994 1593 1086 1674 ergo

76 1680 154 1727 non
184 1659 282 1726 satis
314 1663 373 1728 est
398 1661 481 1729 risu
507 1659 690 1728 diducere
716 1658 856 1728 rictum
887 1659 1086 1728 auditoris

78 1747 238 1818 nonsatis
252 1751 311 1839 ost,
332 1749 447 1840 iuquit,
468 1753 600 1820 unum
621 1749 717 1820 modo
734 1747 833 1839 loqui,
854 1754 892 1819 ut
907 1749 963 1840 qui
976 1748 1087 1818 auditu

77 1838 193 1926 rideat,
220 1841 369 1927 quamuis
395 1861 465 1907 uon
490 1839 678 1928 negauerim
704 1860 775 1907 esse
807 1843 841 1908 at
865 1840 902 1908 in
927 1839 990 1908 hoc
1018 1861 1086 1908 non
1175 1905 1180 1915 ,

77 1927 375 1994 nullamuirtutem.
428 1928 533 1995 9est
554 1927 751 1994 breuitate
773 1949 868 2014 opus
891 1930 934 1994 nt
955 1931 1127 2000 carratae
1184 1991 1194 2000 .

78 2014 274 2083 sententia
294 2037 367 2082 neu
389 2035 438 2082 se
481 2014 640 2083 breuitate
664 2015 821 2083 orationis
842 2015 1086 2084 utendumosse
1151 2093 1154 2096 ,
1234 2041 1240 2046 ·
1301 2096 1303 2109 Ι

79 2103 134 2192 ait,
154 2108 192 2172 ut
213 2105 278 2172 cito
305 2103 469 2173 sententia
493 2104 640 2192 liniatur,
664 2125 707 2171 ne
734 2103 930 2194 defatigetur
951 2104 1086 2174 auditor.

79 2192 279 2296 eloquentiae
292 2193 381 2260 enim
393 2195 498 2262 uirtus
510 2214 580 2261 uon
598 2197 727 2261 tautum
744 2193 780 2262 in
793 2215 832 2262 eo
854 2197 914 2282 est,
934 2199 973 2263 ut
983 2215 1087 2283 pauca

233 2369 740 2453 ι
808 2373 1128 2445 ιι

168 2459 209 2527 13
231 2460 426 2529 interdum
447 2460 587 2529 urbani
601 2395 814 2548 parcendi
842 2463 1007 2530 uiribus:
1029 2463 1086 2549 qui

80 2547 200 2635 alioqui
225 2549 330 2636 parcit
355 2548 479 2618 uiribus
501 2549 534 2617 id
556 2554 608 2618 eat
627 2550 776 2618 laborare
796 2573 866 2619 nou
887 2553 960 2618 uult
980 2555 1086 2640 atquo,

79 2638 176 2703 etiam
198 2636 321 2723 siquid
337 2637 464 2705 roboris
483 2639 519 2705 in
532 2659 667 2726 corpore
679 2639 788 2728 habet,
808 2641 882 2708 nult
893 2638 971 2707 data
988 2661 1086 2727 opera
1160 2710 1164 2718 ,

78 2723 233 2792 delicatus
259 2724 371 2793 uideri
461 2727 503 2794 14
533 2726 739 2796 ridiculum
766 2729 848 2798 acri
873 2728 1017 2798 fortius
1047 2732 1087 2797 et
1221 2775 1226 2784 -

77 2812 214 2882 melius
239 2833 397 2902 magnos
426 2817 651 2907 plerumque
673 2822 780 2887 secat
801 2839 872 2888 res.
914 2817 1128 2904 interdum»
1223 2821 1226 2828 ’

78 2901 195 2991 iuquit,
222 2903 275 2968 uel
295 2909 432 2972 uenuste
454 2907 560 2994 magis
582 2905 734 2976 mordent
754 2906 855 2996 dicta,
884 2929 982 2997 quam
1003 2929 1086 2995 quaa
1112 2987 1120 2994 ⁵
1251 2941 1256 2948 ·

150 3077 416 3149 iacyntus
482 3083 812 3142 trnuaanstoianaadt
875 3083 1105 3144 tduroalt·

77 3148 298 3279 ‘ffioecll'nll
340 3156 542 3283 rddidit·
560 3155 1086 3362 milhqudscmlleffifflamd

76 3363 178 3424 bacilli
194 3292 426 3440 dazrshlmqlmutld
442 3295 725 3432 ssbmdppdcplsn
741 3301 1034 3462 immodicis
1052 3304 1088 3434 ui

77 3435 470 3585 coquus.
488 3448 568 3572 ιι
597 3442 721 3584 ,ιι
731 3445 1086 3592 mmmm

147 3576 279 3652 (multa)
295 3583 392 3654 paucis
409 3601 428 3654 ς
499 3589 533 3642 88
552 3602 616 3657 qma
633 3586 674 3644 Μ
