2708 3842
226 183 231 190 .
275 122 342 190 210
577 119 730 178 suamc
748 121 771 192 ι,
789 125 815 192 s,
834 124 948 178 ιιι-ιι.

222 249 226 259 ’
275 309 344 374 ιιι,
357 287 473 374 inquit,
486 283 864 372 eauabaibiinuanias,
878 283 995 370 quibus
1009 283 1115 372 quiuis
1128 283 1168 350 a
1181 284 1285 372 uulgo

274 378 416 444 irmoens
439 376 506 444 filio
529 397 588 444 auo
610 375 721 443 utitur.
779 377 915 441 uenuste
943 376 1051 440 autem
1073 377 1284 461 personatum

274 470 400 554 patrem
422 465 506 534 dixit
524 487 635 533 senem
652 464 692 532 de
710 462 885 531 comoedia
943 461 987 530 56
1009 460 1070 529 hia
1093 481 1162 550 ego
1185 483 1285 548 quae
1321 539 1325 546 ¹

144 599 152 613 ·
275 575 376 622 nunc
404 555 496 623 olim
523 575 619 641 quae
650 552 812 640 scripsit
833 551 1015 618 Lucilius.
1073 571 1112 618 ex
1135 570 1173 618 eo
1196 550 1284 637 quod

249 649 327 712 aest
357 641 520 733 ‘scripsit’,
556 641 685 712 ‘acribo'
721 639 954 709 adsumendum
989 661 1048 728 per
1083 639 1284 728 syllempain.

274 737 381 802 totum
404 735 491 803 enim
512 734 578 800 tale
600 733 652 800 fit:
674 731 726 798 his
748 751 810 818 ego
833 751 915 818 quaa
937 750 1024 797 nunc
1039 729 1145 797 scribo
1160 733 1193 796 et
1205 729 1283 796 olim

276 844 358 911 quac
393 821 535 891 Lucilius
566 821 702 909 scripsit
755 823 790 888 at
819 822 869 886 est
900 840 1028 887 sensusr
1064 818 1092 887 ei
1124 817 1285 887 dissoluaa

275 933 388 980 uersus
411 913 463 980 uel
485 933 574 980 meos
587 912 641 979 nel
660 909 786 996 Lucilii,
807 931 876 977 non
889 908 1000 977 eadem
1013 909 1114 978 ueiba
1126 909 1283 995 inuenies,

149 1059 152 1064 .
276 1024 358 1091 quae
381 1007 458 1070 aunt
478 1002 515 1069 in
535 1000 728 1070 Ennianis
749 999 912 1086 uersibus,
941 999 996 1088 qui
1018 1021 1138 1088 magno
1161 999 1284 1068 scilicet

236 1091 390 1180 suspiritu
417 1095 451 1160 et
476 1091 585 1158 uerbis
611 1089 781 1159 altioribus
813 1089 974 1176 conpositi
1005 1091 1096 1176 sunt,
1126 1089 1217 1156 uelut
1246 1089 1283 1156 hi

275 1185 353 1248 aunt
382 1179 590 1270 Postquam
622 1178 817 1249 discordia
846 1182 950 1246 tetra
979 1175 1081 1245 Belli
1112 1178 1284 1246 ferratos

240 1271 243 1274 ’
274 1275 408 1358 postas
429 1273 638 1360 portasque
660 1268 832 1358 refregit
900 1268 944 1336 62
965 1267 1142 1335 inuenies
1165 1267 1282 1336 etiam

275 1359 463 1446 discerpti
490 1361 656 1427 membra
684 1361 831 1447 poetae.
880 1359 1046 1445 eleganter
1071 1357 1161 1424 nulla
1187 1358 1285 1446 signa

319 1448 421 1517 etiosa
451 1447 590 1516 inueniri
619 1447 727 1516 sitin
753 1447 862 1517 uerbis
887 1468 1039 1515 namnum
1071 1468 1202 1514 sucrum
1229 1446 1282 1514 uel

237 1557 263 1600 rs
301 1537 402 1627 acilii,
433 1539 462 1606 si
492 1538 724 1623 dissoluantur,
756 1539 831 1626 quia
862 1536 902 1605 de
933 1559 1083 1605 sermone
1118 1536 1282 1606 communi

275 1807 349 1874 tale.
403 1805 447 1874 65
464 1803 617 1875 Sulcius
634 1827 721 1876 acer
738 1806 910 1875 ambulat
932 1810 970 1874 et
989 1803 1152 1893 Caprius
1174 1805 1282 1874 rauci

275 1895 382 1962 male.
425 1894 461 1962 hi
488 1896 652 1964 accerrimi
678 1896 838 1964 delatores
860 1901 895 1963 et
920 1894 1073 1963 causidici
1094 1894 1194 1962 fuisse
1216 1897 1280 1962 tra·

236 2001 263 2045 oo
276 1983 407 2070 duntur,
427 1987 461 2050 et
481 1985 554 2052 ideo
575 1985 691 2070 rauci,
713 1986 799 2072 quod
818 1985 855 2052 in
872 1983 1078 2053 contentione
1091 1982 1281 2051 iudiciorum

276 2073 424 2140 clament
483 2095 565 2141 cum
591 2073 742 2142 libellis
768 2078 891 2161 sutem,
916 2075 952 2141 in
974 2073 1091 2162 quibua
1113 2071 1281 2160 adnotant,

193 2241 196 2246 ¹
276 2183 358 2248 quae
380 2162 538 2229 deferunt
627 2163 669 2230 69
693 2167 736 2230 ut
756 2163 812 2230 sis
833 2169 876 2230 tu
897 2163 1037 2229 similis
1059 2159 1166 2230 (laeli
1187 2160 1280 2248 Byr·

274 2250 385 2340 rique
407 2250 602 2319 latronum
619 2273 696 2326 non
714 2273 784 2340 ego
801 2274 883 2319 sum
901 2247 1015 2339 (lapri
1033 2272 1155 2338 neque
1174 2249 1281 2319 Sulci

276 2345 520 2446 permetere
551 2339 630 2408 me?
662 2340 790 2444 ‘nulla
818 2341 988 2407 taberna.
1034 2341 1144 2444 etiam
1175 2339 1204 2407 ai
1234 2345 1281 2426 tu,

234 2425 1282 2605 ²telirqtffiolmtrQitttclttttitt

275 2623 359 2684 sum,
386 2611 518 2686 propter
544 2605 631 2686 quod
653 2623 705 2668 nra
727 2603 775 2668 ita
796 2605 908 2668 timore
931 2603 1063 2685 debeas,
1084 2609 1121 2667 ut
1143 2602 1280 2686 (laprius

114 2711 117 2716 ·
251 2685 407 2772 ,timetur
427 2691 486 2754 ant
507 2685 642 2756 Sulcius
710 2689 750 2755 'll
774 2688 883 2756 nulls
903 2689 1068 2756 taberna
1089 2708 1193 2755 meos
1215 2686 1281 2755 ha·

157 2812 160 2816 ·
274 2773 365 2841 beat
389 2796 435 2842 ne

414 2797 510 2932 line
535 2775 616 2880 pila
641 2775 806 2881 libellos.
863 2778 965 2864 negat
990 2799 1024 2844 ae
1049 2775 1178 2844 libellos
1203 2797 1281 2881 suos

235 2862 1281 3062 ‘⁰iiii‚iitffltqtltittttlssiffissffl

275 3045 386 3133 tellegi
399 3045 571 3134 ligellrum
584 3043 821 3135 Hermogenen,
833 3046 986 3115 merdant
1041 3047 1084 3114 ‘14
1098 3068 1138 3113 ιιι
1156 3048 1280 3115 medic

347 3211 380 3260 11
398 3207 470 3262 Anu.
489 3210 543 3262 270

346 3348 508 3405 toomedra
525 3347 564 3404 M
633 3347 825 3423 tayllampns
842 3349 882 3407 Μ
951 3354 986 3406 lt
1003 3343 1205 3406 dissoluantura
1223 3347 1279 3404 dra·

275 3417 722 3546 ιιιιιι
738 3425 938 3562 ιιι
997 3417 1281 3546 rusius

274 3555 433 3613 cultram
500 3559 718 3616 scammis
785 3565 818 3617 ³1
837 3561 1094 3629 nasceremini,
1113 3575 1185 3632 qnae
1203 3557 1280 3631 apud

273 3625 521 3699 pilumntneg
