2708 3842
285 166 542 236 nouemdielis
578 165 768 252 dissipare
804 165 985 252 pulueris.
1044 165 1189 232 cinerum
1219 164 1293 231 reli·

288 256 380 342 quies
394 255 466 321 uult
478 253 633 344 intellegi.
656 275 732 321 nem
746 252 949 320 uousmdinle
963 253 1081 320 dieitur
1093 252 1295 334 sacrificium,

146 412 149 423 ,
288 343 374 432 quod
395 347 523 412 mortuo
545 343 584 410 fit
604 365 693 412 none
712 342 773 430 die,
794 363 858 430 qne
876 343 1022 430 sepultus
1040 345 1098 410 est
1134 363 1195 409 nee
1211 340 1294 408 illud

288 433 358 499 sine
385 431 599 499 amaritudine
626 435 676 499 est
702 431 737 498 in
763 433 927 518 superiore
949 452 1060 516 uersu,
1086 432 1172 517 quod
1195 451 1294 496 snum

261 522 376 588 eillsm
399 521 548 608 appellet,
570 543 652 608 ques
667 520 773 587 ndhuo
787 521 888 587 umeri
901 519 989 587 uelit
1024 524 1059 587 et
1071 519 1293 587 adnotandum

223 681 231 700 ι
310 609 455 676 lursliter
480 609 597 676 dixisse
624 610 812 696 pulueres.
892 609 937 676 50
963 611 1127 694 tuusque
1159 610 1295 674 uenter

286 633 541 764 isotumeius.
573 719 645 763 oum
669 719 727 783 per
743 697 882 764 ironiam
899 701 934 763 et
950 697 1031 763 heeo
1044 696 1193 763 dicentur
1222 695 1295 761 uult

286 784 534 870 intellegimus
547 785 846 870 resumensque
859 785 945 851 flou·
959 785 1028 850 eius
1042 746 1294 865 existimatam,

287 871 494 956 subposuisse
516 871 587 957 sibi,
609 893 677 938 non
699 872 869 958 peperisse.
945 872 991 938 50
1012 876 1049 938 et
1070 875 1136 938 tuo
1160 890 1294 938 eruore

247 984 276 1026 ss
287 958 425 1026 rubros
446 958 638 1026 obstetrix
659 981 808 1045 pennos
830 959 930 1025 lenit
950 964 1155 1044 utcumque
1176 957 1294 1025 fortis

287 1047 400 1114 exilis
435 1068 632 1134 puerpera„
689 1047 771 1114 laeso
809 1046 985 1114 seeundum
1020 1049 1163 1112 ueterem
1199 1045 1294 1112 deeli-

285 1137 453 1202 nstionem
466 1135 629 1220 proesenti
642 1139 786 1220 tempore
800 1135 926 1201 dicitur.
961 1140 1166 1221 utcumque
1185 1138 1293 1200 eutem

288 1221 599 1324 ‘quotienscumque’
625 1223 795 1324 significet
840 1225 874 1324 et
900 1226 951 1288 est
977 1243 1106 1288 sensus:
1129 1222 1293 1321 quotiens·

127 1383 135 1396 ·
250 1329 735 1484 „surxerunt
754 1309 1293 1483 reuerentes}

153 1527 157 1534 ·
287 1506 392 1569 pers,
412 1485 490 1569 quis
511 1483 627 1550 fortem
650 1485 722 1550 uult
743 1485 888 1570 intellegi
909 1505 949 1550 eo
971 1485 1103 1570 scilieet,
1125 1484 1212 1570 quod
1225 1504 1295 1550 non

199 1581 202 1586 '
241 1573 263 1596 “·
276 1571 454 1656 'pepererit
512 1571 625 1636 exilem
652 1575 761 1637 eutem
788 1571 848 1638 sub
878 1593 918 1638 es
939 1572 1058 1657 speeie,
1086 1572 1178 1656 qussi
1200 1591 1294 1657 puer·

287 1660 376 1744 perio
407 1659 494 1724 fsots
524 1659 568 1724 sit
597 1658 750 1724 defonnis
779 1680 839 1746 per
870 1659 1046 1724 exilitatem
1078 1659 1220 1744 corporis
1256 1679 1295 1723 eo

287 1747 421 1812 mseiem
438 1747 629 1830 naturalem,
651 1746 737 1813 dicit
795 1747 839 1814 53
862 1746 953 1833 quid
975 1746 1168 1814 obseratis
1191 1745 1294 1811 suri·

245 1831 356 1900 subus
382 1833 514 1901 fundis
540 1855 682 1919 preces
731 1834 811 1900 fnoit
837 1831 1005 1901 Oenidiem
1035 1833 1294 1920 respondentem

288 1921 481 1989 obseratis
512 1922 671 1990 nuribus
701 1923 768 1990 suis
791 1921 869 1990 dicit
891 1921 1027 1991 Osnidie
1049 1921 1236 2010 significans
1259 1942 1293 1988 se

287 2031 398 2096 preces
420 2011 489 2076 eius
512 2011 599 2077 nolle
617 2010 737 2077 audire.
794 2011 837 2078 56
859 2012 1007 2078 inultus
1030 2016 1074 2078 ut
1094 2014 1135 2077 tu
1158 2010 1294 2077 riseris

287 2099 457 2184 cotyttis
478 2099 640 2187 uulgata
668 2120 816 2166 snorum
843 2099 957 2165 liberi
979 2097 1193 2186 Cupidinis.
1246 2098 1294 2164 ui·

288 2185 382 2254 detur
394 2184 530 2254 Onnidie
551 2187 748 2256 commisisse
761 2187 900 2256 Horatio
919 2193 1043 2256 secrete
1065 2186 1295 2254 sacrificiorum

245 2277 610 2453 ’Ἢὲἒῷιὲἒέ
626 2275 1294 2453 llttltlttltlllltssttl

152 2499 162 2516 .
286 2475 345 2540 per
375 2453 503 2520 inferne
533 2475 626 2521 ssors
656 2455 753 2538 liunt,
784 2453 826 2521 ed
857 2475 999 2522 umorem
1029 2417 1191 2542 pertineri
1222 2455 1296 2521 uult

285 2543 440 2629 intellegi
494 2545 528 2609 et
557 2543 694 2610 liberum
725 2541 917 2629 Cupidinem
949 2543 1044 2628 dixit,
1079 2543 1165 2630 quod
1201 2543 1294 2629 qussi

286 2630 368 2696 nulli
389 2631 434 2696 sit
454 2628 613 2697 obnoxius
635 2635 670 2696 et
690 2651 803 2698 omnes
825 2651 934 2696 emore
956 2631 1055 2697 ludet
1091 2631 1138 2696 sio
1157 2630 1294 2716 denique

245 2722 322 2785 sset
346 2718 432 2805 spud
458 2715 672 2824 Uergilium
703 2719 824 2786 dieitur·
850 2717 978 2786 Petris
1012 2719 1077 2807 qui
1110 2718 1189 2786 tels
1220 2717 1294 2806 Ty·

287 2804 411 2892 phoss
431 2812 582 2888 temnis.
616 2805 763 2894 Cotyttis
776 2828 869 2875 suere
882 2807 1042 2894 dicuntur,
1057 2831 1139 2896 quse
1157 2807 1294 2875 infernis

287 2895 349 2962 diis
380 2917 401 2961 s
431 2896 583 2964 neneliois
614 2897 709 2982 liunt,
739 2895 815 2962 inde
846 2895 998 2982 tortasse,
1032 2897 1118 2983 quod
1150 2895 1294 2983 Oooytus

289 2993 525 3086 Ἷόῖιῖι,
543 3023 596 3074 eso

193 3164 201 3176 .
358 3130 372 3179 1
390 3125 457 3180 leaeo
472 3139 536 3181 nes:
557 3123 787 3194 nnerequusrum
807 3123 846 3180 Μ
866 3123 974 3182 eineres
991 3121 1172 3195 reliquissem
1190 3141 1209 3252 p
1276 3129 1293 3178 2

287 3195 471 3252 monle
490 3195 529 3251 Μ
604 3197 750 3252 emortuo
766 3211 831 3253 nes:
847 3197 966 3254 mortum
984 3194 1024 3252 Μ
1105 3194 1239 3267 ospello
1257 3193 1296 3251 Μ

286 3341 323 3394 ,ι
339 3266 650 3410 sument.
668 3269 964 3410 trenes?
976 3266 1293 3422 utriustri

285 3410 321 3465 ut
337 3424 433 3465 omnes
451 3408 491 3463 Μ
589 3423 697 3466 umores
715 3408 755 3466 Μ
853 3415 888 3467 oo
910 3411 1000 3482 pstns
1023 3425 1124 3464 runnu
1160 3425 1191 3464 ιιι
1213 3407 1293 3480 Uero.

356 3477 445 3538 teleos
462 3477 502 3538 Μ
569 3484 603 3538 ol
622 3483 722 3538 ootrtss
738 3479 769 3537 Μ
785 3479 914 3538 naseu
929 3480 1011 3551 finem
1027 3479 1124 3537 edulii
1139 3425 1240 3560 &buit
