2660 4072
433 81 648 192 parendio.
901 180 906 186 .
993 95 1075 189 v11⁴
1133 207 1134 212 Ν

32 296 248 384 Porphyrion
287 253 479 383 Proglamm
502 296 557 363 des
579 242 1043 382 Maximillam-Gymnasium
1103 265 1135 279 Η
1171 323 1177 338 ·
1231 255 1270 363 l·

34 385 69 452 in
90 382 280 474 munden),
312 384 492 471 bibliopola
512 383 692 452 clarissimo
717 387 849 452 suetore
873 385 957 451 hane
979 383 1044 450 edi·
1130 397 1131 402 ’

33 474 158 542 tionem
178 473 303 560 paraui.

121 562 168 630 Et
190 583 229 629 ex
247 561 448 630 codicibus
470 561 600 649 quidem
616 556 1044 651 Monacensem(l1‘)‚inter
1136 603 1138 610 ›
1188 566 1192 598 '

32 651 156 720 latinos
182 659 235 719 no'.
264 653 337 719 181.
364 651 408 718 2⁰.
437 675 462 718 s.
487 649 527 718 X.
554 651 599 718 50
625 650 792 737 loliorum,
817 651 901 739 elegi
923 672 1042 718 secun·

34 739 110 808 dum
133 761 228 827 quem
250 739 486 827 Porphyrionis
508 739 610 807 u'erba
630 738 870 808 constituerem.
904 739 1043 806 maxime

33 835 143 898 autem
175 829 355 916 deprauata
386 833 461 896 sunt
492 830 527 897 in
556 830 620 897 hoc
651 829 769 897 codice.
825 849 922 914 saepe
958 829 1043 895 enim
1122 839 1129 850 ·

31 918 146 986 literae
169 922 227 986 aut
248 919 350 985 uerba
371 923 511 1005 mutata,
537 919 753 1006 transposita,
780 918 910 1006 omisso,
932 916 1044 984 addita

32 1012 118 1074 sunt.
164 1006 278 1074 deinde
301 1029 342 1074 ex
363 1007 571 1111 conpluribus
598 1007 701 1095 signis
724 1011 862 1094 apparet
883 1029 1043 1075 commen·
1110 1037 1112 1044 ⁴
1239 1031 1240 1038 ¹

33 1097 135 1164 tarios
166 1096 258 1182 prius
288 1095 324 1161 in
354 1117 502 1182 margme
537 1096 716 1163 carminum
750 1095 881 1164 Horatii
915 1096 1043 1181 positos

32 1185 135 1252 multo
162 1187 240 1271 post
262 1183 304 1250 ab
331 1183 518 1270 imprudenti
539 1183 670 1252 bomine
697 1187 865 1270 separatos
888 1204 969 1250 esec.
1012 1184 1042 1251 is

32 1273 138 1339 multe
165 1271 291 1341 scholia
316 1273 533 1358 transposuit,
554 1277 626 1339 tum
653 1272 811 1359 quaedam
832 1271 962 1338 uidetur
983 1272 1042 1338 mi·

31 1362 153 1428 scuisse
179 1359 234 1450 (cl.
260 1361 289 1428 ll
317 1361 352 1448 2,
386 1361 556 1448 1‚1;23.
605 1361 636 1427 A
668 1358 740 1450 50),
770 1365 937 1448 postremo
970 1381 1064 1428 oum.
1206 1312 1215 1334 ἰ

30 1451 120 1534 prius
147 1451 272 1517 scholia
299 1471 372 1516 cum
398 1451 547 1517 uersibus
574 1451 746 1519 coniuncta
772 1471 844 1517 esse
870 1448 1043 1517 uideantur

29 1539 134 1606 literis
161 1539 215 1606 uel
245 1539 359 1626 figuris
382 1537 624 1630 quibusdam*),
653 1539 707 1606 illa
729 1538 867 1606 inseruit
887 1539 1043 1606 lemmata
1145 1589 1149 1602 .

31 1648 128 1712 saepe
155 1627 276 1713 inepta
324 1627 406 1695 haec
432 1629 601 1715 lemmata,
628 1649 710 1714 quae
736 1648 803 1694 non
829 1632 939 1695 essent
964 1626 1042 1696 Por·

30 1715 222 1802 phyriouisp
240 1717 312 1802 ipse
339 1717 484 1785 editurus
507 1740 608 1804 aequa
630 1715 786 1785 mendosa
812 1737 850 1783 ac
876 1717 911 1783 in
933 1716 1041 1784 codice

30 1805 74 1870 M
97 1805 219 1891 scripta
245 1810 335 1892 sunt,
366 1806 637 1875 intercedentibus
669 1807 749 1886 uiris
778 1806 882 1873 doctis
917 1805 1042 1872 correxi
1221 1859 1227 1868 .
1270 1767 1275 1840 ]

29 1892 160 1959 inuitus.

30 2069 265 2158 demonstraui;
295 2077 399 2139 restat
429 2095 529 2140 unum
560 2074 651 2140 cuius
686 2072 771 2138 mira
805 2071 953 2158 exempla
987 2071 1041 2139 hic

118 1980 207 2058 Quae
234 2003 354 2070 genera
380 1984 535 2052 uitiorum
560 1985 597 2051 in
615 1983 731 2050 libello
758 1982 816 2051 illo
844 1982 1039 2050 scholastico
1118 1985 1121 1992 '
1179 2011 1184 2018 ·
1273 1943 1293 1996 ’ἵ

28 2178 157 2242 ponam.
201 2161 269 2226 iam
294 2160 337 2228 Η.
359 2159 542 2249 Stephanus
569 2160 800 2229 animaduertit
827 2157 897 2227 ‘EO
920 2159 951 2247 5,
975 2159 1038 2228 101
1172 2205 1175 2212 ·
1251 2163 1301 2269 ’ζ’

29 2251 63 2312 et
82 2247 164 2314 bene
187 2246 345 2334 ἐμπαθῶς
365 2249 399 2317 id
421 2255 473 2318 est
490 2251 635 2318 dolenter
656 2251 748 2318 iuxtc
768 2253 941 2337 parentum
954 2271 1040 2317 com·
1090 2293 1092 2298 ·

28 2337 296 2405 memorationem
321 2341 461 2427 gemitus
487 2341 629 2408 insertus
656 2343 719 2407 est:
744 2339 818 2407 heu.
844 2375 888 2388 -
910 2359 1040 2406 curasse
1113 2397 1115 2402 .

28 2423 288 2513 Porphyrionsm
326 2429 443 2496 talium
482 2428 715 2498 uocabulorum
754 2428 1049 2515 interpretationes

28 2513 154 2602 addere,
176 2516 369 2602 persuadere
391 2518 474 2586 mihi
495 2519 551 2586 uix
573 2541 665 2605 queo.
710 2518 825 2606 quodsi
847 2523 956 2586 temen
984 2515 1038 2604 ἐμ·
1162 2545 1167 2619 3
1234 2525 1283 2609 ζ

28 2605 145 2683 ratde
179 2606 337 2674 uoluisset
371 2605 486 2674 Latine
522 2607 667 2693 reddere,
708 2607 804 2674 aliter
839 2606 1039 2674 redditurum
1104 2679 1107 2688 A

28 2691 140 2779 fuisse,
166 2693 200 2760 id
225 2717 304 2762 uero
330 2695 427 2781 plane
454 2718 646 2783 persuasum
677 2694 805 2764 habeo'.
858 2694 938 2762 heec
968 2693 1038 2762 Ste-

28 2779 154 2865 pbanus
180 2783 368 2852 rectissime.
413 2807 456 2852 an
482 2785 559 2872 quid
584 2784 687 2852 facies
709 2786 749 2853 de
771 2783 897 2852 scholio
919 2783 991 2852 illo:
1015 2779 1037 2850 S

29 2869 61 2954 1,
95 2871 150 2956 10,
181 2872 224 2938 21
257 2894 276 2939 o
309 2873 387 2940 seri
414 2874 643 2941 studiorum:
671 2868 887 2960 ὀψιμαθεῖς
911 2873 950 2939 id
978 2875 1038 2940 est

28 2959 90 3044 qni
117 2958 231 3027 uultu
259 2960 364 3030 docti
391 2962 483 3052 sint,
510 2985 554 3031 an
580 2963 645 3032 illis
670 2961 730 3031 EO
758 2963 865 3051 5,,47
888 2983 957 3050 pro
980 2962 1037 3030 rei

28 3049 241 3116 atrocitate
268 3051 365 3118 mira
396 3051 492 3120 haec
522 3054 622 3121 idam
643 3052 834 3141 positura
865 3050 1037 3140 epithesi

28 3143 261 3223 asperantur
283 3145 317 3207 et
339 3140 373 3226 5,
400 3141 443 3208 37
465 3157 565 3210 nunc
585 3143 741 3210 uidetur
762 3140 1037 3210 redderc‘cau·
1142 3159 1149 3170 ·
1214 3165 1219 3172 ·

28 3247 107 3292 sam
128 3227 230 3295 tanti
251 3227 451 3298 iocinoris.
496 3230 687 3317 epithesis
711 3231 801 3301 dolo
824 3231 924 3299 malo
946 3253 1036 3300 con·
1085 3239 1089 3248 ‘

28 3315 162 3383 situra
207 3339 285 3405 ergo
308 3319 516 3388 manifestum
538 3326 590 3388 est
606 3321 890 3408 interpretationes
903 3318 1036 3388 Graecis
1237 3373 1242 3381 -

28 3404 159 3472 uocibus
183 3405 349 3492 adpositas
371 3414 488 3494 postes
509 3408 641 3476 scholiis
663 3411 803 3478 insertas
826 3431 905 3477 essa
941 3409 1036 3477 multi

95 3561 815 3642 blortmseexsignoqnatnmest‘quod’dl
848 3575 935 3627 114.
969 3567 1034 3640 lta,
1081 3547 1098 3582 ³⁴
1151 3531 1170 3584 '¹

28 3637 136 3702 r,110.
173 3635 482 3719 ‘qui’n1‚1s,ea.
515 3613 1034 3730 ’‘qua’01,1a,·c’ba,s‚oc
1092 3673 1094 3676 -

28 3701 60 3755 cl.
78 3701 223 3762 Woelfflin
239 3707 346 3778 proleg.
365 3707 402 3764 ed
418 3709 572 3766 Publilium
589 3727 618 3782 p.
635 3709 718 3788 XVI.¹
