2644 3844
375 169 556 228 EPISTULA
574 169 608 239 11,
629 177 653 239 1,
671 174 768 226 t-lo.

69 335 243 406 mucwdu’
267 359 310 404 un
332 334 383 403 ‘in
404 335 534 423 publice
552 331 721 404 commode
742 337 899 420 peccem’.
965 329 1085 401 5110-

0 466 1 515 ,
38 487 42 496 .
71 428 196 496 mulus
228 429 266 494 et
295 425 419 492 Liber.
471 425 603 492 leudete
637 424 758 491 uirtute
789 419 936 498 Caesaris
972 422 1086 490 lnudut

0 528 1 551 ³
69 517 170 584 etium
193 515 392 600 felicitatem,
422 515 478 603 qui
509 515 599 601 dicit,
627 512 703 581 huic
735 511 796 580 soli
827 511 1017 601 contigisse,
1046 517 1085 580 ut

70 606 158 675 inter
177 606 326 675 homines
355 605 453 672 etiem
484 627 570 672 nunc
601 603 708 690 posito
730 603 796 669 ium
819 601 922 670 dium
942 601 1083 670 honores
1179 670 1183 675 ,

70 695 299 781 decernuntur,
331 694 418 783 quod
447 694 530 761 nulli
561 714 749 762 conoessum
776 691 819 759 sit
840 691 971 777 horum,
1001 707 1112 778 quest

70 789 251 871 enumeret,
272 784 336 851 boo
358 786 421 869 est,
448 782 586 852 Romulo
609 781 726 856 Libero
748 777 878 850 Castori
904 786 939 849 et
959 779 1085 849 Polluci

69 880 105 943 et
127 897 200 942 cum
221 873 274 940 bis
296 871 437 942 Herculi.
482 877 516 941 et
541 879 592 942 est
618 873 723 943 ordor.
743 871 900 940 Romulus
932 877 966 939 et
986 869 1086 940 Liber

53 963 148 1034 dum
170 971 272 1033 terres
294 962 528 1054 hominumque
549 985 575 1032 c
598 983 699 1054 genus
722 985 752 1032 e.
773 983 851 1030 num
872 961 930 1049 illi,
952 960 991 1030 de
1012 961 1085 1050 qui-

69 1054 132 1122 bus
156 1077 255 1140 suprs
282 1053 363 1120 dixit
394 1059 484 1140 post
514 1053 695 1142 ingentis
723 1053 827 1120 locta
858 1052 1013 1120 deorum
1041 1052 1084 1118 in
1124 1107 1133 1124 .

66 1144 216 1232 templs
246 1144 406 1230 recepti,
438 1147 523 1210 sunt
590 1144 611 1210 8
644 1163 758 1229 egros
787 1141 998 1229 adsignent
1018 1140 1127 1208 hoen

69 1237 134 1300 est:
175 1233 318 1300 colonius
355 1232 517 1300 deducunt
552 1233 756 1318 conduntque
793 1231 927 1298 urbibus
963 1229 1083 1297 milites
1132 1231 1139 1244 '

68 1343 155 1389 enos.
221 1321 242 1387 9
274 1321 487 1407 plorsuere.
532 1322 605 1407 plue
637 1321 717 1388 dixit
739 1341 836 1408 quem
868 1318 1084 1388 ‘dolueruntb

139 1412 181 1476 10
217 1410 338 1476 dirum
375 1410 440 1496 qui
480 1410 658 1475 contudit
691 1407 870 1494 Hydram.
927 1407 1083 1474 Hercules

68 1497 200 1564 scilieet
245 1501 278 1564 et
307 1497 389 1563 bene
419 1497 482 1565 boe
505 1496 615 1586 elegit,
647 1497 732 1584 quod
754 1496 842 1563 inter
862 1495 990 1562 labores
1012 1495 1082 1562 eius

66 1587 121 1653 uel
142 1586 318 1654 meximum
339 1586 411 1654 fuit
481 1589 520 1654 11
550 1591 644 1655 notu
664 1589 855 1674 portentu.
901 1605 981 1674 quse
1004 1589 1125 1652 sustu
1188 1647 1191 1654 .

67 1676 104 1743 in
126 1675 192 1744 XII
214 1675 362 1744 Herculis
383 1675 549 1744 laboribus
573 1676 745 1743 diffametis
815 1677 855 1741 11
888 1673 1003 1742 lutsli
1025 1674 1082 1740 lu·

66 1765 169 1833 bore.
213 1771 441 1853 utrumquem
462 1765 505 1832 ud
531 1766 663 1834 modum
685 1763 882 1852 Uergilius
914 1763 995 1830 dixit
1029 1761 1083 1830 Ut

67 1853 184 1922 duros
214 1855 323 1922 mille
349 1855 503 1923 lebores
532 1875 621 1941 rege
653 1854 722 1921 sub
744 1852 963 1939 Eurystheo
985 1851 1080 1919 fetis

67 1941 244 2028 Iunonis,
275 1965 319 2011 αιι
346 1943 460 2010 letali
486 1963 545 2030 pro
569 1943 698 2029 cupitsli
729 1963 767 2010 uc
794 1942 931 2010 molesto
953 1944 990 2010 ut
1010 1941 1081 2028 ipse

67 2033 146 2118 elibi
190 2031 297 2101 Ilion
326 2032 464 2100 sutelis
487 2033 737 2121 incestusque
759 2031 884 2098 iudex
953 2032 995 2098 12
1018 2045 1124 2098 sude

67 2142 197 2207 premo
228 2121 308 2190 fine
341 2121 376 2187 id
406 2127 456 2188 est
487 2125 600 2188 morte.
637 2126 670 2188 et
692 2126 743 2189 est
764 2141 892 2187 sensus:
928 2125 1080 2208 expertus

65 2213 118 2278 est
139 2210 296 2278 inuidiam
319 2215 396 2278 tuno
418 2210 518 2297 finiri,
540 2223 613 2280 'cum
637 2211 736 2278 etism
758 2211 826 2278 uitu
848 2209 968 2278 finitur.
1037 2209 1079 2276 13

66 2301 147 2366 urit
168 2301 268 2366 enim
290 2301 447 2388 fulgore
470 2321 546 2367 suo.
591 2301 750 2367 rationem
773 2299 918 2386 exponit,
948 2305 1080 2386 propter

67 2409 165 2476 quem
187 2387 294 2456 minus
317 2389 567 2476 colunturuiui,
590 2389 646 2478 qui
668 2389 789 2456 uirtute
812 2389 925 2457 ceteris
940 2388 1078 2476 antecel-
1144 2395 1147 2400 “
1267 2465 1271 2474 ,

64 2477 147 2563 lunt,
168 2483 245 2564 post
267 2478 391 2546 obitum
414 2477 600 2566 diliguntur.
644 2478 754 2566 grauis
776 2481 827 2545 est
845 2478 941 2564 enirn,
963 2477 1078 2564 inquit,
1092 2489 1122 2533 ’ὅ

64 2566 273 2634 inferioribus
305 2572 338 2634 et
365 2568 451 2634 inire
473 2569 586 2654 positis
609 2573 719 2654 nocet,
748 2567 804 2654 qui
829 2567 953 2634 estibus
982 2565 1078 2633 bonis

65 2660 189 2722 ceteros
224 2656 434 2742 uincit31ed
464 2657 639 2745 requiritur
670 2662 780 2724 temen
810 2677 849 2724 se
880 2656 1080 2724 desideratur

63 2743 234 2811 extinctus.
317 2746 358 2812 13
390 2745 469 2812 urit
498 2747 598 2812 enim
619 2745 781 2829 fulpore:
817 2746 985 2832 splendore
1014 2765 1078 2831 quo
1167 2773 1172 2779 ·

65 2831 178 2918 fudget,
200 2837 234 2899 et
256 2833 338 2901 bene
361 2835 441 2900 urit
462 2833 505 2900 ed
526 2834 686 2920 fulgorem
708 2833 827 2900 retulit.
895 2833 937 2900 15
965 2853 1075 2919 pree·

65 2919 183 2985 senti:
212 2920 351 3007 uiuenti,
380 2921 437 2987 sed
468 2920 667 3006 splendidius
689 2920 752 2988 boc
775 2921 931 3008 estquod
954 2921 1073 3007 glosse-
1088 2931 1118 2972 ⁸0

63 3073 278 3094 utha*

135 3151 169 3203 ιι
186 3150 257 3204 Aen.
275 3153 301 3219 s,
319 3152 371 3204 ιιι
444 3153 479 3205 ιο
498 3145 551 3206 od.
569 3153 595 3218 e,
614 3154 640 3218 e,
660 3153 693 3205 se
743 3233 747 3238 Ι

135 3307 156 3399 t¹
170 3342 238 3416 quis
256 3363 275 3414 ς
345 3349 362 3401 8
381 3360 485 3416 genus:
503 3361 535 3418 gs
553 3343 592 3400 M
648 3360 714 3400 nuru
732 3341 777 3400 illi
793 3347 840 3400 ete.
858 3345 925 3401 bueo
940 3341 1076 3411 tortello

62 3413 112 3480 (cf.
129 3413 169 3472 ud
184 3431 212 3471 ιι.
232 3419 282 3484 39)
297 3415 504 3540 trpmppnendu
521 3419 587 3470 stou
660 3422 692 3470 18
804 3415 858 3470 sels
876 3431 904 3470 u.
922 3419 941 3470 9
959 3415 1077 3470 iterum

61 3484 261 3541 submi!
339 3487 673 3557 tcemanseontlu
792 3483 991 3542 tubbsrolll
1043 3489 1075 3540 18

61 3554 252 3675 ιιι
278 3639 298 3676 ι
502 3560 726 3696 ιιιιιι
741 3555 806 3681 cn
824 3561 879 3681 ι

59 3685 176 3738 muends
189 3687 230 3741 Μ
242 3661 252 3686 ’
266 3663 306 3744 811
316 3690 392 3758 quod
404 3691 623 3760 glonemsticon
635 3709 699 3750 nos:
716 3711 801 3765 quem
814 3639 1077 3766 amonemur
