2660 4072
292 141 336 209 10
656 139 751 200 *oue
768 139 790 210 ι,
804 97 825 197 s
843 141 874 197 se
891 145 916 197 ι.

288 327 367 373 rem
393 325 551 394 eumque
577 303 685 372 ferox
711 303 876 370 necibus
904 309 971 370 eut
992 300 1101 390 equis
1124 303 1234 370 miles
1257 308 1296 370 te

289 395 382 461 duce
403 394 579 481 gesserit
614 393 755 480 figurate
771 392 951 478 eloquutie;
971 413 1050 458 nens
1065 412 1141 458 curn
1159 391 1294 457 dixisset

226 501 238 530 ··
289 483 491 570 scriberis,
522 480 634 550 intulit
665 503 776 569 quem
807 502 885 548 rem
916 479 1026 547 miles
1057 479 1225 567 gesserit
1255 484 1294 545 te

289 572 396 660 duce;
423 570 560 658 simplex
582 575 690 674 eutem
711 570 792 637 hsec
812 569 979 674 eioquntio
1001 573 1085 638 eret:
1112 567 1294 636 scribentur

258 677 355 816 ‘ze
372 661 865 836 imitentes?
885 658 1295 834 {tinemut}

289 838 455 924 duplicis
477 837 607 905 Ulixei
628 836 773 925 intellegi
794 841 911 923 potest,
934 835 1021 924 quod
1038 837 1201 923 significet
1219 835 1294 902 ‘cel-

287 925 373 1013 liffi’,
406 933 441 994 et
473 931 584 1014 potest
618 925 953 1011 dupliciscursus
983 945 1043 1010 per
1071 925 1292 1008 eccueetiuum

158 1037 165 1052 ·
288 1015 446 1100 pluralem
467 1015 579 1100 accipi,
600 1013 634 1081 id
655 1017 720 1081 este
742 1013 1020 1081 itusecreditus
1077 1013 1292 1080 8necsee·

247 1119 374 1170 nouem
394 1101 549 1189 Pelopis
571 1103 730 1170 domum.
763 1107 862 1170 netee
882 1101 1037 1169 historiae
1056 1105 1133 1169 sunt
1149 1101 1189 1167 de
1207 1099 1292 1166 Ten-

136 1239 144 1251 .
287 1191 347 1258 nli
377 1212 507 1280 genere,
537 1213 577 1258 ex
592 1226 595 1232 ·
608 1212 672 1278 quc
694 1188 812 1278 Pelops
838 1195 941 1278 ortus,
972 1188 1086 1256 deiude
1116 1189 1237 1256 Atreus
1260 1193 1294 1254 et

288 1279 461 1366 Thyestes,
490 1279 604 1346 deinde
631 1277 777 1366 Orestes,
808 1279 847 1346 de
875 1299 1012 1366 quorum
1033 1277 1205 1345 sceleribus
1227 1281 1292 1344 tre

287 1369 421 1456 goediss
446 1368 593 1435 uidemus
620 1368 820 1454 conposite„
852 1388 988 1456 querum
1014 1366 1109 1432 stilus
1136 1387 1204 1434 non
1228 1367 1293 1432 nisi

141 1461 149 1468 '
286 1457 484 1524 sublimitate
511 1459 657 1542 omaus,
688 1457 740 1524 cui
767 1476 801 1522 se
823 1459 924 1540 neget
943 1453 998 1522 hic
1018 1458 1117 1541 poete
1137 1454 1292 1522 sufficere.

246 1559 275 1604 ²⁸
358 1546 399 1612 12
420 1547 532 1632 culpe
554 1545 727 1612 deterere
751 1544 911 1632 ingenii.
955 1543 1053 1610 belle:
1085 1544 1182 1629 culpe
1202 1545 1291 1631 inge·

285 1633 343 1700 ni'n
376 1631 555 1700 humenum
575 1633 692 1700 uitium
715 1636 823 1698 eutem
844 1654 911 1699 uon
933 1631 1022 1698 eliud
1043 1653 1141 1718 quem
1162 1631 1292 1698 humili·

284 1727 388 1788 istem
404 1721 643 1809 uultintellegi.
678 1721 851 1788 deterere
869 1723 977 1787 eutem
996 1719 1170 1786 ‘munere’
1190 1719 1291 1807 sigui·

244 1845 248 1854 ·
284 1808 362 1876 iicet
378 1829 418 1876 ex
435 1809 652 1896 consequenti,
669 1809 755 1896 quie,
777 1829 864 1896 ques
877 1808 1074 1893 deteruntur,
1094 1808 1298 1874 minuentem

352 1898 396 1966 13
418 1899 503 1985 quis
525 1897 688 1964 Martem
709 1897 843 1966 tunice
867 1899 1010 1964 tectum
1034 1895 1223 1963 adsument
1258 1896 1291 1962 id

172 2058 177 2064 ,
244 1990 349 2053 sat:
380 2007 463 2089 quse
492 1985 657 2073 perrumpi
686 2007 754 2052 non
784 1985 902 2072 possit3
933 1985 1065 2052 edumas
1094 1984 1180 2052 euim
1207 1985 1291 2070 lepis

285 2071 485 2142 durissimus.
529 2075 667 2162 figur-ete
693 2078 802 2140 eutem
827 2076 927 2161 neget
953 2095 988 2140 se
1009 2094 1105 2159 pesse
1127 2093 1179 2140 res
1200 2071 1291 2139 belli·

284 2183 340 2230 ces
362 2163 516 2249 senem,
537 2185 650 2230 uerum
672 2161 808 2230 Uen'um
829 2163 952 2249 potius,
973 2161 1030 2248 qui
1052 2161 1096 2228 sit
1117 2159 1290 2228 Homerico

284 2252 409 2338 spiritu.
469 2253 509 2319 17
531 2272 601 2320 nos
622 2251 773 2338 proelia
793 2251 988 2337 uirginum
1011 2251 1129 2316 sectis
1152 2251 1290 2337 ungui·

283 2339 363 2407 bus.
406 2361 475 2408 non
504 2340 664 2407 iuuenes
695 2339 812 2407 sectis
844 2338 1038 2428 unguibus
1068 2339 1125 2406 sed
1146 2339 1290 2407 serium

244 2428 324 2494 sin
344 2428 498 2496 iuuenis
522 2428 699 2533 quemuis
724 2428 918 2516 unguibus
944 2429 1071 2496 sectis.
1139 2427 1180 2496 19
1203 2448 1290 2495 cen-

282 2523 408 2584 temus
438 2539 560 2586 necui.
604 2519 712 2585 utrum
740 2523 830 2585 ‘eum
850 2517 946 2584 necui
967 2519 1105 2602 sumus'‚
1134 2537 1178 2582 eu
1200 2516 1288 2583 ‘ideo

282 2603 364 2674 hsec
385 2611 554 2674 emtsmus
577 2605 653 2694 quie
674 2605 769 2674 necui
797 2609 924 2674 sumus’
952 2605 1063 2674 idest
1090 2609 1127 2672 ‘s
1147 2605 1288 2710 negotiis

282 2694 410 2782 libcri’3
440 2695 527 2782 quod
637 2695 663 2762 's
693 2695 821 2762 uidetur
851 2693 1004 2781 sensisse,
1031 2715 1106 2762 eum
1137 2694 1288 2762 subiciet:

282 2803 358 2850 non
387 2790 543 2870 prester
572 2785 730 2852 scitum
760 2785 867 2852 leues
897 2783 931 2850 id
959 2789 1022 2851 est:
1054 2805 1094 2850 ex
1120 2787 1289 2851 consuetu·

241 2888 271 2931 ιι
283 2869 358 2937 dine
378 2871 477 2941 leues.

706 2955 779 3014 oen
799 2964 824 3030 ι,
842 2962 867 3014 ι.

340 3113 346 3122 ·
370 3064 600 3133 Leudsbunt
621 3065 691 3133 elii
712 3066 854 3133 clerum
871 3064 1042 3134 Rhodon.
1062 3065 1125 3134 hee
1143 3067 1203 3135 ode
1216 3067 1286 3134 Mu-

281 3154 408 3220 meum
419 3151 574 3221 Plencum
592 3154 794 3222 consulerem
811 3153 1005 3242 edlcquitur,
1027 3177 1091 3243 que
1108 3155 1230 3223 indicet
1252 3177 1287 3222 se
1310 3183 1312 3266 Ι

281 3415 321 3474 e
348 3344 590 3490 ‘eree
701 3344 872 3474 “rere
888 3345 1126 3476 meiere
1144 3353 1200 3474 ι’
1218 3303 1312 3478 ”hei

278 3487 1286 3701 ffimtgffffiwffimfflwssffim
1307 3447 1312 3560 {

903 3960 1174 3984 *m
