2644 3844
358 129 539 190 unsrun
556 129 578 200 1,
597 134 640 200 re,
658 135 772 186 ee-ee.
1000 125 1070 196 287
1207 172 1219 207 ι,

60 296 94 362 ei
115 299 153 363 te
175 295 339 383 populus
362 314 512 360 senune.
535 285 601 359 tom
613 294 749 362 stultum
762 299 821 381 est,
838 293 952 380 inquit,
974 294 1068 360 elteri

60 383 188 450 eredere
216 382 349 449 beatum
380 382 528 467 [excepto
564 377 721 470 sapiente]
753 384 786 447 te
815 381 935 448 dioenti
969 403 1067 468 quem

58 472 180 560 populo
194 470 290 537 fidem
302 468 422 536 hebere
435 490 551 535 senum
570 470 604 535 te
618 469 830 556 adseuermti
848 491 920 538 oum
933 491 1067 558 aegrum
1191 543 1199 556 ,

59 561 143 628 soies
165 563 199 626 et
219 558 281 625 tibi
303 556 420 624 debees
442 561 622 643 temperare
645 557 686 625 eb
708 558 893 646 inportunis
915 558 1004 624 oibie

59 649 104 716 25
126 649 159 716 si
186 647 273 734 quis
299 645 404 713 belle
430 645 504 713 tibi
526 649 630 714 terre
650 650 840 735 pugnate:
860 654 890 714 ei
911 647 983 732 quis
1004 667 1098 733 proe

5 735 9 746 '
59 739 126 807 tuis
151 736 302 804 leudibus
327 734 389 802 tibi
418 732 505 802 diuet
527 731 675 804 weris
695 735 807 802 leudes
829 739 863 804 et
883 733 1064 818 addethos

60 847 175 895 uersus

148 915 250 982 Tene
277 913 399 1003 magis
428 915 577 980 saluum
605 915 771 1003 populus
800 914 897 983 uelit
924 936 972 982 en
1000 936 1067 1002 po·

378 1003 507 1091 pulum
530 1007 585 1090 tu,
1119 1027 1124 1036 ·

148 1093 285 1162 Seruet
310 1093 351 1160 iu
372 1092 565 1250 empiguo,
592 1093 657 1181 qui
679 1094 851 1162 oonsulit
871 1098 910 1161 et
930 1093 1005 1160 tibi
1027 1098 1067 1160 et
1081 1119 1113 1161 ιο
1168 1131 1172 1136 -

378 1203 422 1250 ur
451 1204 464 1248 ι

147 1271 338 1361 Iuppiter,
468 1233 548 1359 'qui
570 1274 648 1338 sunt
669 1270 838 1339 notissimo
860 1293 901 1339 ex
922 1292 1088 1362 pnnegy·.

58 1365 125 1432 rioo
139 1362 289 1452 Augusti,
309 1365 356 1447 to,
378 1381 452 1428 oum
464 1360 570 1448 possis
584 1358 781 1448 adgnoscere
800 1365 833 1429 et
850 1359 954 1430 dioere
972 1359 1067 1428 ‘istee

60 1452 206 1522 Caesaris
228 1451 339 1518 leudes
362 1452 452 1534 eunt,
478 1471 546 1517 non
568 1448 670 1516 meue’
705 1449 880 1538 patierisne
902 1453 936 1516 te
958 1471 1066 1516 emen·
1176 1457 1181 1462 '
1215 1507 1218 1514 .

59 1542 171 1610 detrun
192 1539 303 1608 uoueri
325 1538 576 1626 sapientemque,
597 1501 684 1625 quod
705 1539 760 1606 ille
783 1537 855 1607 est?
880 1542 915 1606 et
934 1538 997 1606 hoo
1019 1539 1068 1606 eit
1081 1565 1113 1608 re

58 1637 147 1699 tene
173 1627 295 1718 magis
323 1627 485 1695 saluum:
512 1631 622 1695 utrum
644 1629 750 1716 magis
770 1629 910 1715 populus
932 1628 1012 1695 uelit
1031 1633 1067 1694 te

59 1721 184 1788 saluum
211 1721 332 1802 [seruet
357 1715 506 1805 Iuppiter
532 1717 588 1806 qui
605 1717 755 1785 -oonsulit
780 1722 815 1785 et
842 1716 903 1785 tibi
926 1722 960 1785 et
980 1717 1066 1802 urbi]
1166 1663 1232 1801 ‚·
1320 1791 1321 1798 χ

59 1831 103 1876 en
128 1809 233 1896 iungis
260 1814 297 1875 tu
323 1808 480 1895 populum
506 1807 588 1875 uelis
615 1807 755 1893 saluum,
781 1811 889 1874 seruet
913 1805 1067 1894 Iuppiter,

59 1921 89 1986 q.
108 1921 134 1966 u
152 1919 178 1966 e.
200 1900 289 1985 tut,
309 1896 346 1964 in
368 1895 531 1985 ambiguo.
561 1917 621 1982 quo
634 1917 731 1964 sensu
745 1895 927 1965 ostenditur
938 1897 1067 1964 tentum

59 2009 201 2057 umorem
224 1984 370 2056 Oseseris
393 2007 463 2054 esse
486 2007 563 2076 erge
584 1986 740 2075 populum
765 1989 799 2054 et
819 1989 934 2054 eontra
954 1985 1066 2074 populi
1080 2011 1112 2054 so

58 2100 76 2144 e
158 2077 342 2165 Oeeserem,
369 2079 407 2146 nt
431 2075 467 2144 in
492 2076 617 2144 incerto
644 2075 688 2143 eit
709 2079 781 2144 uter
803 2075 940 2146 alterurn
962 2075 1066 2165 magis

59 2100 181 2258 diffinget
270 2167 313 2235 29
340 2166 509 2255 Augusti
540 2164 674 2234 leudes
706 2217 714 2234 .
742 2216 750 2233 .
777 2187 868 2234 curn
923 2167 1000 2233 ordo
1030 2169 1067 2231 et
1196 2185 1200 2192 ·

59 2278 186 2326 sensus:
208 2255 401 2342 temporeis
419 2275 602 2343 agnoscere.
634 2260 669 2323 et
681 2259 732 2324 eet
743 2255 849 2345 figure
861 2247 1067 2343 ἇναστροφή.
1158 2330 1162 2334 ,
1189 2293 1193 2300 -

40 2393 43 2404 ·
148 2346 189 2414 31
217 2344 487 2431 respondesne
532 2345 612 2413 ordo
639 2350 673 2412 et
699 2366 826 2412 sensus:
849 2344 1066 2432 respondesne

57 2440 108 2522 tu,
134 2434 185 2504 die
211 2433 318 2502 sodes:
345 2455 461 2521 nempe
492 2435 544 2516 uir
574 2435 680 2503 Mnus
712 2439 746 2502 et
774 2433 903 2521 sepiens
935 2433 1065 2502 nomine
1078 2458 1110 2502 ss

58 2526 122 2594 diei
144 2523 355 2592 ite'deleetor
376 2545 455 2612 ergo
478 2545 517 2591 eo
543 2528 594 2592 tu:
621 2524 684 2592 hoo
711 2527 761 2592 est
782 2523 909 2610 ‘nempe
931 2526 983 2611 tu,
1009 2522 1066 2612 qni

58 2636 109 2683 me
132 2612 353 2702 reprehendis,
382 2613 418 2681 in
444 2613 558 2682 eodem
580 2613 662 2682 uitio
683 2612 875 2704 repperieris
897 2634 962 2702 quo
984 2611 1066 2702 030³,

41 2705 144 2800 ¹quod
174 2725 242 2772 non
272 2705 374 2792 neget
402 2703 572 2792 Horatius,
604 2704 661 2773 sed
693 2703 836 2775 ostendit
864 2703 929 2772 hoo
959 2703 1067 2792 ipsum
1139 2701 1144 2708 ’

56 2817 124 2864 non
145 2795 253 2862 minus
276 2793 312 2863 in
333 2815 368 2863 se
396 2816 495 2885 quem
521 2795 557 2862 in
583 2794 685 2863 altero
713 2794 849 2862 stultum
877 2815 956 2863 esse.
999 2815 1066 2862 no·

57 2883 329 2952 mine..dioi‚
364 2877 682 2972 dpxoeeopdetigurn
721 2881 935 2972 Uergilius:
957 2883 1007 2951 Et
1028 2887 1109 2951 tero
1190 2967 1196 2977 ,

57 2973 250 3041 crudelem
276 2973 431 3041 nomine
459 2973 563 3042 dioit
642 2971 687 3040 32
714 2993 785 3061 ego
812 2994 855 3040 eo
883 2977 939 3040 tu:
970 2976 1065 3058 etque

56 3066 106 3146 tu,
131 3061 196 3129 hoo
222 3065 285 3128 est:
313 3065 347 3128 et
371 3066 409 3129 tu
435 3084 504 3130 non
529 3061 637 3129 minis
665 3083 763 3150 quum
791 3083 861 3150 ego.
927 3060 971 3128 33
1001 3057 1066 3147 qui
1169 3113 1178 3130 .

127 3259 163 3310 eo
181 3253 282 3327 Georg.
300 3261 327 3325 s,
344 3259 397 3311 eeu
507 3251 511 3260 ’

35 3385 42 3516 f
126 3431 227 3484 rem
256 3405 506 3488 msere:
560 3383 882 3504 to'npienteaeteath
914 3435 1066 3502 equam

51 3497 261 3621 maid
338 3505 372 3624 189
383 3499 549 3627 ιὰιιιοοῃιθοτιῗιιιι
566 3501 875 3631 οὲοιιάίὺυιτθηξφέ
887 3590 920 3630 ur
938 3511 1018 3631 te¹n⁴dr

51 3630 92 3684 Μ
160 3635 325 3707 eopopun·
344 3585 410 3692 Μἦ
452 3641 703 3700 ermenone!
771 3591 979 3702 eotePdeM
