2708 3842
333 87 487 147 osunen
505 87 728 148 sescuplus.
969 87 1030 158 181
1064 169 1067 176 .

29 258 374 410 {iliinllllmmll
395 255 513 428 llll
522 255 1036 412 „¹2⁰ltssttt„¹²t¹2tttttl
1135 416 1143 430 χ
1262 353 1274 442 :5
1310 358 1317 443 ·;

28 429 488 499 ulbieclerusAnchisee
542 433 746 518 onerisque
769 434 939 521 sanguis.
973 432 1035 500 hoc
1075 493 1081 502 .
1263 433 1266 450 ’

27 518 68 584 sd
90 515 262 586 Caesarem
283 518 470 608 Augustum
496 521 651 606 pertinet,
677 521 754 606 quie
775 519 861 588 Iulis
887 541 969 608 gens
990 521 1032 587 eb
1067 523 1069 528 '

25 605 110 692 Iulo,
136 628 175 675 ec
201 628 260 694 per
285 607 362 696 hoc,
382 607 510 676 Uenere
532 614 566 676 et
578 608 720 676 Anchise
738 615 807 677 orte
827 609 1062 678 existimaturo

95 697 136 763 51
161 696 334 764 bellante
356 698 463 784 prior
485 699 672 766 iacentem
695 699 794 766 lenis
816 699 856 765 in
876 697 1035 766 hostem.

27 785 73 852 sic
96 790 129 852 et
146 783 363 873 Uergiliusc
385 785 547 854 Parcere
570 786 758 854 subiectis
781 790 820 856 et
841 781 1043 853 debellere'

26 874 223 962 superbos
312 875 356 943 63
383 877 457 944 iem
483 877 579 945 meri
608 881 791 965 terreque
813 899 947 945 monus
968 897 1035 963 po·

26 965 160 1033 tentis.
221 965 477 1034 subaudiendum
512 968 638 1055 utique:
673 967 904 1035 Romanorum.
990 965 1034 1034 55
1265 1043 1269 1060 ³

25 1055 99 1121 iem
128 1053 296 1141 Scythae
323 1076 510 1142 response
535 1061 674 1144 potunt
713 1057 747 1123 io
774 1060 837 1144 est,
863 1059 1074 1142 expectentur
1177 1075 1179 1078 ·
1265 1062 1271 1119 ³.

27 1139 199 1231 praecepto
225 1143 455 1212 Romanorum.
500 1167 558 1232 per
585 1145 671 1232 quod
701 1145 862 1213 subiectos
884 1167 954 1212 esse
975 1144 1034 1210 im-
1269 1175 1276 1184 ·

26 1233 117 1318 perio
139 1232 288 1301 Romano
311 1234 456 1321 intellegi
478 1235 567 1312 uult
639 1234 682 1302 58
710 1239 748 1300 et
773 1234 955 1321 neglecte
976 1254 1033 1299 re·

28 1321 108 1388 dire
130 1321 258 1388 uirtus
282 1322 405 1389 sudet
461 1322 610 1410 neglecte
633 1323 796 1409 superiore
818 1326 963 1408 tempore
985 1341 1033 1385 re·

26 1409 93 1476 dire
117 1409 215 1476 nudet
236 1431 323 1476 nunc
346 1411 379 1477 id
402 1414 453 1477 est
472 1411 673 1496 temporibus
695 1411 846 1498 Augusti.
902 1409 946 1476 59
969 1431 1034 1494 ep·

24 1502 211 1585 paretque
234 1500 349 1565 beate
375 1500 490 1585 pleno
514 1497 633 1585 Gopie
660 1521 790 1566 cornu.
848 1498 940 1585 qussi
962 1519 1071 1564 cor-rs

25 1588 170 1673 porelem
184 1587 278 1654 deum
290 1586 345 1654 hic
359 1587 426 1656 ecci
450 1610 468 1654 e
483 1585 617 1674 Copium
630 1588 742 1675 utique
760 1609 866 1654 rerum
889 1585 1033 1654 omnium

26 1676 268 1745 abundantium.
318 1611 619 1744 ossillclasinos
641 1677 750 1744 uidet
771 1697 914 1763 eequus
937 1695 1033 1741 oros.
1067 1739 1070 1747 .

26 1769 163 1851 cpperet
188 1767 253 1833 ism
279 1766 321 1833 sb
344 1765 495 1854 Augusto
523 1765 706 1832 dedicatum
727 1765 827 1832 fuisse
850 1765 886 1830 in
906 1762 1032 1830 Poletio

24 1855 169 1941 Apollini
197 1857 366 1941 templum,
398 1855 488 1922 cuius
516 1859 550 1920 et
576 1853 776 1942 Uergilius
804 1853 851 1920 sic
885 1851 1035 1918 meminit

23 1942 110 2030 Ipse
151 1943 288 2011 sedens
328 1945 442 2012 niueo
479 1943 682 2010 condentis
718 1942 851 2010 limine
885 1939 1106 2008 Phoebiso·

25 2033 125 2100 dono
146 2033 393 2120 recognoscit
414 2034 653 2120 populorum.
729 2033 771 2099 67
804 2030 971 2098 alterum
992 2029 1034 2095 in

25 2123 188 2190 lustrum
224 2121 438 2208 meliusque
475 2144 624 2209 semper
662 2124 849 2208 proroget
889 2140 1033 2186 esuum.

25 2234 137 2280 sensns
167 2217 231 2279 ost:
263 2212 292 2278 si
319 2216 467 2299 acceptes
494 2234 567 2279 urus
593 2211 693 2280 hebet
718 2210 853 2298 Apollo,
885 2229 966 2297 quoe
997 2209 1034 2274 in

23 2299 149 2369 Peletio
178 2301 342 2368 dedicatus
370 2305 459 2388 sunt,
489 2303 517 2368 ei
539 2301 699 2387 propitius
720 2299 887 2368 Romanos
909 2298 1034 2386 aspicit,

23 2389 138 2457 melius
161 2389 324 2457 soeculum
346 2389 381 2456 in
402 2390 549 2456 futurum
570 2390 702 2457 tribuet
794 2388 837 2456 69
861 2407 1032 2475 quaeque
1045 2407 1073 2452 ss
1205 2389 1208 2396 '

22 2478 259 2546 Auentinum
277 2477 655 2566 tenetAlgidumque
678 2476 895 2566 quindecim
908 2473 1033 2542 Dione

21 2589 156 2653 preces
173 2566 344 2635 uirorum
363 2572 473 2635 curet
489 2570 527 2635 et
547 2568 650 2635 notis
668 2587 872 2653 puerorum
890 2563 1032 2631 emicas
1151 2611 1157 2618 -

23 2655 201 2742 applicet,
220 2676 338 2723 eures.
369 2655 424 2724 hic
437 2678 564 2744 quoque
578 2679 619 2723 ex
631 2657 795 2744 superiore
817 2677 875 2742 per
896 2672 1032 2740 zeugma

24 2745 183 2831 particule
205 2744 397 2812 arcessendo
418 2750 477 2832 est,
498 2751 537 2813 nt
558 2745 614 2814 sit:
638 2745 666 2813 si
686 2744 869 2832 quindecim
886 2741 1031 2810 uirorum

23 2853 133 2916 preces
146 2830 255 2900 Dione
272 2840 365 2901 curet
386 2839 421 2902 et
442 2836 469 2902 si
492 2835 613 2902 emices
636 2855 730 2901 eures
753 2855 794 2919 ep
817 2833 896 2900 licet
916 2851 1030 2916 puero·
1043 2851 1071 2896 so

24 2941 94 2988 rum
117 2923 213 2993 uotis.
257 2927 291 2990 et
313 2944 415 3010 seque
436 2945 476 2990 ex
498 2923 662 3011 superiore
685 2927 718 2990 et
740 2922 781 2988 utl
830 2921 939 2988 ionem
961 2939 1031 3006 per·

94 3133 198 3189 Men.
217 3139 242 3203 6,
260 3138 314 3190 818
388 3138 421 3188 19
439 3134 508 3190 Aen.
527 3138 553 3204 8,
572 3137 625 3189 120
662 3141 665 3148 “

94 3317 108 3366 1
131 3325 277 3382 geneneris
300 3308 340 3366 Μ
426 3317 444 3366 4
469 3305 619 3382 sugestum
642 3309 681 3366 Μ
769 3305 1033 3365 semotam

23 3379 88 3437 Aer.
107 3382 164 3505 (μὶ
208 3381 406 3438 sustinentur
419 3380 459 3438 Μ
524 3386 558 3436 14
576 3380 681 3437 undeet
694 3379 734 3437 Μ
799 3385 833 3436 16
851 3391 977 3452 compete
995 3373 1036 3431 M

93 3454 127 3505 17
165 3450 368 3508 sbundsntrnm
388 3451 427 3507 M
500 3451 641 3522 pnlstrnes
659 3493 667 3508 .
686 3493 693 3508 .
712 3465 791 3508 eroes
810 3449 849 3506 Μ
916 3453 951 3504 24
967 3459 1032 3520 pro·

21 3523 107 3586 pinos
126 3519 165 3575 Μ
248 3526 282 3576 11
301 3525 343 3577 ets
362 3538 378 3578 e
397 3521 437 3577 M
519 3527 555 3580 28
572 3519 730 3593 superiores
749 3521 858 3578 adduct
876 3535 967 3576 sensu
1002 3520 1033 3574 ut

22 3589 56 3655 es.
75 3588 157 3646 eiam
175 3590 214 3646 cd
231 3607 259 3647 e.
277 3595 311 3650 11
385 3596 421 3647 80
439 3591 545 3648 emices
564 3607 658 3650 sures:
677 3607 770 3648 omres
785 3588 942 3648 leoderii
1032 3621 1035 3630 ·
