2672 4108
450 65 521 126 oon
539 64 588 138 1v,
606 74 623 126 6
641 70 671 126 st
689 73 713 126 ἵ.
772 123 775 130 ,
1029 66 1090 135 131

81 237 159 304 liore
186 234 279 319 alito,
304 231 367 300 hoc
395 235 458 320 est,
487 232 619 300 meliore
646 233 790 320 suspicio
817 233 946 302 Aeneas
979 234 1092 302 urbem
1229 241 1232 248 ⁴
1269 310 1270 319 χ

82 325 300 393 constitueret.
368 322 411 388 26
434 323 499 410 qui
520 319 677 390 Xantho
700 323 802 390 leuis
824 345 933 393 amus
956 325 1092 393 crines.
1200 329 1202 334 ’

83 411 188 480 lauis'
219 415 346 479 ueteres
378 410 495 478 dixisse
527 433 595 479 non
629 411 743 480 ‘lanas’
789 417 822 479 et
858 412 989 482 ‘lauere'
1025 434 1093 480 non
1225 417 1231 428 '

82 501 213 569 ‘muare’
241 523 339 588 supra
369 500 577 568 ostendimus.
643 501 709 568 ,27
733 461 906 570 Asuuius
929 502 1094 571 defends
1167 499 1185 558 ὀ

78 591 192 657 decus
216 587 407 656 (lamense
429 589 530 655 leuis
552 588 714 677 Agyieu
759 587 906 658 Dauniae
930 589 1145 658 Camenaes'
1244 653 1247 658 ,
1285 576 1286 582 ¹

79 701 155 746 suas
191 700 303 745 musae
340 677 420 743 dicit
446 675 604 744 Horatius
632 671 672 744 id
698 681 749 744 est
781 677 832 744 sui
863 679 1029 764 carminis,
1061 679 1091 746 si

29 767 30 826 ἶ
81 767 208 854 quidem
225 766 355 835 Daunia
372 764 496 852 Apulia
518 770 577 877 est,
599 766 634 834 in
656 767 747 834 cuius
770 767 888 834 linibus
911 772 1008 835 natus
1031 771 1090 834 est
1178 779 1181 784 '

29 897 30 914 ι
165 857 208 925 28
231 856 335 923 leuis
357 853 518 943 Agyieu.
554 853 668 942 eyvsoel
691 855 763 924 uias
787 854 909 924 Graece
932 857 1090 924 dicuntur.
1152 903 1156 908 -
1214 939 1218 946 ι

29 957 30 988 ³
78 943 202 1032 Uarro
218 949 342 1013 autem:
366 945 456 1031 quod
467 966 676 1031 errespomo
691 945 937 1014 oraouliinuiis
950 945 1089 1033 publicis
1172 981 1174 987 v

79 1035 168 1101 urbis
199 1056 277 1102 suae
305 1033 522 1101 Athenienses
552 1034 686 1101 statutis
719 1034 877 1102 altaribus
909 1036 1089 1104 sacrificare
1102 1055 1129 1100 so
1267 1089 1281 1136 ,γ

80 1123 225 1211 Apollini
246 1125 460 1211 instituerint,
481 1123 642 1211 Agyieum
664 1124 879 1210 appellauere.
945 1125 988 1192 31
1011 1124 1089 1192 uir·

79 1234 208 1369 ssmum
235 1213 384 1301 primae
411 1213 599 1300 puerique
631 1212 752 1280 claris
783 1213 965 1299 patribus
996 1213 1090 1300 orti,

50 1331 52 1336 ⁸
114 1303 214 1369 eliae
242 1303 373 1370 tutela
396 1301 489 1369 deae
516 1300 550 1368 id
573 1305 638 1369 est:
670 1301 725 1389 qui
749 1303 827 1369 estis
850 1302 954 1370 tutela
975 1299 1089 1369 Deliae

81 1391 157 1459 deas
191 1392 255 1460 hoc
286 1395 338 1458 est
364 1387 504 1476 Dianae,
536 1391 645 1478 σχῆμα
676 1395 728 1458 est
758 1387 958 1478 ἑπεξήγησις.
1046 1390 1090 1458 35
1174 1451 1177 1458 .
1284 1438 1286 1446 ι

78 1479 259 1548 Lesbium
296 1484 451 1547 seruate
488 1479 631 1568 pedem·
663 1479 697 1548 id
728 1484 799 1547 est:
843 1481 956 1549 Alcaei
991 1479 1130 1569 lyrioiu
1197 1481 1199 1486 ’
1300 1516 1307 1594 3,

76 1572 216 1658 ipoetue,
253 1569 309 1656 qui
338 1567 475 1637 Lesbius
510 1569 582 1636 fuit.
670 1570 714 1638 35
748 1569 896 1657 meique
931 1569 1089 1656 pollicis

78 1663 198 1728 sctum
247 1659 282 1726 id
320 1663 385 1726 est:
422 1658 676 1727 modulationem
710 1659 803 1746 lyrici
839 1659 999 1727 carminis.
1056 1664 1090 1727 et

78 1750 226 1816 ruauiter
248 1748 311 1815 hoo
334 1747 459 1836 dicitur,
482 1750 576 1837 quasi
597 1750 666 1837 ipss
687 1748 792 1836 lyram
813 1749 982 1834 percutiat
1044 1748 1087 1814 37

78 1837 156 1905 Lite
179 1838 352 1905 Latonae
374 1859 534 1924 puerum
556 1841 740 1904 canentes
766 1835 801 1902 id
820 1840 885 1904 est:
903 1837 1088 1924 Apollinem
1180 1885 1205 1916 .,

80 1925 218 1995 damnas
240 1927 352 1994 lilium.
419 1928 462 1996 39
493 1926 735 2014 celeremque
757 1947 904 2015 pronos
926 1927 1129 1994 uoluereso
1177 1939 1179 1942 ·

79 2037 238 2083 menses.
296 2017 374 2102 quis
401 2016 551 2083 similiter
576 2037 636 2102 per
661 2017 757 2082 lunas
787 2035 918 2082 cursum
940 2016 1089 2084 uidentur
1174 2045 1180 2054 ·

83 2127 215 2193 empore
245 2104 361 2192 peragi
392 2109 430 2172 ut
460 2127 520 2193 per
551 2104 639 2172 solis.
698 2103 756 2171 sed
786 2107 820 2170 et
852 2103 941 2172 circa
976 2105 1088 2172 lunam

83 2195 206 2281 croprie
229 2195 374 2281 mensis
397 2193 487 2282 dixit,
506 2193 582 2282 quia
596 2193 731 2282 singulis
745 2192 909 2260 mensibus
923 2193 1087 2262 zodiacum
1180 2246 1187 2260 .

81 2283 235 2364 circulum
257 2285 335 2350 luna
357 2285 549 2370 pertransit,
576 2305 672 2370 quem
695 2281 743 2349 sol
767 2286 956 2350 toto‘anno.
1043 2283 1085 2350 41
1207 2297 1214 2342 “.
1304 2311 1307 2350 ,ι

79 2368 955 2461 nuptaismdioes:quandofuerisiamnupts.
1043 2371 1130 2438 42⁸
1256 2383 1307 2448 ·,

82 2461 222 2544 [saecula
243 2461 342 2546 festa]
374 2464 531 2529 saeculo
553 2462 682 2528 festas
705 2457 901 2528 referente
921 2462 1027 2530 luces
1053 2459 1088 2526 id
1168 2525 1170 2532 ,
1204 2499 1207 2507 ·

79 2555 141 2618 est:
165 2551 215 2618 die
238 2549 398 2618 saeculari
419 2549 539 2618 festum
561 2550 729 2618 referente.

501 2709 575 2768 ons
593 2717 621 2782 ι,
640 2715 665 2768 r.
695 2737 697 2743 ,

164 2817 374 2908 Diffugere
402 2820 524 2888 niues.
582 2839 712 2886 carmen
733 2817 797 2886 hoo
818 2817 910 2886 uerni
931 2819 1087 2906 temporis

83 2910 224 2976 eontinet
241 2908 497 2995 descriptionem.
533 2909 685 2976 scribitur
703 2910 812 2975 sutem
826 2907 868 2973 sd
880 2907 1087 2994 Torquatum
1100 2927 1131 2973 so

150 3087 253 3144 lalste
271 3086 325 3143 hoo
344 3086 387 3141 est
403 3085 519 3143 meliore
537 3085 607 3142 alite
624 3083 678 3140 hoo
697 3083 736 3140 M
818 3083 960 3154 'lqmbm
982 3081 1087 3139 limbus
1147 3081 1197 3106 ’·
1306 3053 1307 3068 ’

85 3155 122 3211 Μ
189 3153 481 3288 ὓὸαέφωαὰετωοο
500 3156 539 3212 M
607 3154 731 3212 sUarro
749 3153 804 3211 ait:
823 3154 899 3225 quod
917 3172 935 3225 ς
953 3153 1099 3223 (Uarrone,

81 3229 152 3286 testo
170 3230 236 3288 Aer.

283 3233 331 3303 φ),
355 3227 441 3284 Burro
458 3229 555 3286 autem
572 3226 649 3298 quod
667 3226 713 3296 M,
729 3242 813 3300 porro
831 3227 927 3283 sutem
945 3224 1022 3296 quod
1038 3239 1088 3281 sos

150 3309 183 3360 11
202 3300 386 3360 instituerunt
402 3300 463 3369 alii,
481 3300 534 3358 als's'
550 3297 733 3358 instituerant
805 3304 838 3355 12
857 3314 981 3370 primum
999 3297 1038 3354 M

83 3371 337 3432 rssoczsrsoc
356 3371 395 3427 rr
442 3371 599 3429 senum
619 3370 657 3426 nr
708 3367 1089 3442 1espees.sse0ne.·
1206 3399 1211 3406 .
1300 3321 1305 3382 ἶ

81 3445 263 3635 333ς
284 3521 319 3573 2.
338 3449 384 3572 3
400 3441 666 3586 333
807 3455 921 3572 3
938 3447 1007 3570 3
1024 3453 1089 3567 c.

101 3588 247 3656 orqustum
266 3587 306 3642 M
788 3586 793 3596 ·
