2644 3844
256 99 321 167 272
567 96 943 170 neumatum-aa.

212 301 217 310 ·
256 261 425 334 Gemma
447 259 656 330 Germanicae
678 260 782 330 dietus
804 266 863 330 eet.
891 261 961 349 ipse
979 259 1127 332 Tiberius
1145 263 1258 334 doetus

256 352 560 422 etdootosoomites
577 348 700 418 habuit
757 351 778 419 3
801 352 969 438 conpede
992 353 1160 440 uinotus,
1183 355 1259 440 quia

256 439 462 528 oongelaaoit
529 440 552 506 4
573 460 622 505 an
642 437 745 505 freta
765 439 915 507 nioinas
937 441 1039 508 inter
1061 443 1259 510 currentia

254 528 383 596 turris.
430 547 549 614 presse.
592 527 726 609 †intor
751 529 920 594 ourrentia
963 531 1068 596 turres
1090 527 1198 596 Herus
1225 535 1259 596 et

226 615 402 721 eIaeandri
444 615 530 683 inter
551 612 666 720 Seston
688 616 722 680 et
733 613 875 718 Abydon
895 615 1034 683 medium
1057 620 1107 684 eet
1133 615 1259 721 Helles·

151 887 153 894 ψ
254 702 1145 896 tatims352¹tfflfflttd³tass
1168 705 1258 862 3332

254 883 358 952 amioi
401 903 479 950 nam
498 884 532 949 et
553 879 725 949 huoihus
747 902 811 967 eos,
834 881 890 969 qui
907 903 980 950 enm
996 882 1198 970 praesidibus
1217 883 1259 952 ad

254 973 406 1042 salarim
428 975 516 1060 eunt
536 974 559 1054 †
580 970 751 1038 meroodo
772 993 895 1039 merae
917 973 1092 1060 legiones
1114 973 1169 1041 ait.
1236 973 1256 1042 9

213 1063 343 1222 aeguid
364 1060 503 1220 'Pitt'infii
514 1059 1024 1220 Rfflfflrffltiinnentlufzus
1041 1063 1081 1130 in
1098 1083 1173 1132 ora.
1204 1063 1257 1130 Ti·

280 1177 319 1222 ua
503 1174 521 1221 o
840 1172 976 1220 ououa
1017 1174 1165 1222 sermone
1187 1174 1258 1220 uer·

252 1246 330 1311 tere.
344 1173 502 1310 poderidet
527 1247 635 1309 antem
661 1239 748 1310 huno
774 1239 944 1328 Horatius,
975 1242 1061 1330 quod
1090 1263 1188 1310 ausus
1215 1243 1259 1310 sit

254 1355 380 1402 uuum
407 1353 489 1420 opus
516 1331 717 1399 attaminare.
765 1335 873 1418 potest
898 1336 1009 1400 hanan
1037 1335 1071 1400 et
1092 1353 1168 1400 uere
1190 1331 1258 1400 lau·

254 1423 340 1491 dara
384 1419 595 1489 namiiberii
617 1441 724 1490 eomes
746 1426 780 1488 et
801 1420 1006 1490 doctissimus
1027 1421 1093 1490 fuit
1108 1421 1170 1490 eti
1211 1423 1259 1488 'oa

213 1511 453 1600 uoonsoaipsit
500 1511 542 1580 10
563 1509 740 1580 haustus:
762 1532 841 1578 num
865 1509 1031 1581 ‘hamtu’t
1100 1511 1141 1597 13
1194 1511 1258 1579 he·

253 1602 531 1688 banosaptare
558 1601 705 1669 modos:
749 1597 945 1669 Pindaricos
988 1601 1154 1670 illeenim
1175 1601 1258 1670 'ihe-

252 1690 358 1757 banus
380 1689 451 1756 fuit
533 1689 575 1756 15
596 1688 687 1777 qnid
710 1688 803 1756 mihi
825 1687 959 1759 Oelsns
982 1691 1065 1779 agit
1085 1692 1257 1758 monitus

252 1779 496 1866 multumque.
541 1775 653 1846 Celsus
675 1779 729 1846 hio
739 1784 833 1865 poeto
849 1778 921 1865 iuit,
940 1801 1035 1868 quem
1051 1786 1170 1849 monet
1202 1781 1258 1868 qui

252 1868 379 1936 solebat
403 1867 504 1936 libros
530 1867 566 1934 in
592 1867 820 1936 bibliothecam
847 1868 1010 1955 Apollinis
1037 1875 1183 1958 reoeptoe
1205 1891 1259 1936 ex·

40 2014 43 2029 .
210 1979 380 2045 aoeorpere
406 1961 441 2025 et
465 1954 590 2025 alienos
614 1978 728 2024 uersus
754 1979 813 2045 pro
840 1959 907 2026 suis
933 1959 1077 2027 recitare.
1122 1960 1173 2028 oui
1195 1958 1257 2027 aub

40 2118 44 2130 ,
120 2093 127 2104 -
251 2045 457 2116 eonnenienti
483 2046 619 2115 aorniois
646 2045 766 2114 fabella
791 2046 882 2135 dioit,
908 2052 946 2116 nt
972 2049 1078 2115 aliena
1104 2048 1166 2116 sibi
1188 2070 1256 2116 non

252 2137 404 2225 uindioet,
425 2158 478 2223 ne,
499 2135 527 2203 si
549 2159 594 2203 un
654 2137 767 2224 uiaque
789 2158 850 2205 sua
866 2137 970 2226 tollat,
991 2137 1045 2205 ille
1063 2160 1158 2207 suum
1175 2137 1258 2206 nihil

252 2225 405 2294 inueniat
462 2225 506 2293 26
527 2225 623 2328 frigi
654 2245 870 2294 aourarnm
886 2226 1066 2294 fomenta
1096 2227 1257 2314 poetieam

119 2369 124 2380 .
252 2313 426 2404 signifieat,
452 2337 517 2401 qua
542 2314 655 2382 rahota
680 2314 750 2400 ipae
781 2313 959 2402 sapientiae
990 2316 1123 2384 studuit.
1212 2315 1254 2382 29

39 2402 44 2432 ²
86 2410 90 2416 '
210 2404 285 2487 assi
310 2403 460 2490 patriae
487 2403 664 2471 uolumus
691 2403 724 2471 si
751 2403 864 2473 nobis
886 2404 1017 2472 uiuere
1040 2405 1120 2472 oari
1141 2404 1255 2472 debes

250 2491 330 2559 hoo.
379 2494 454 2578 apto
480 2491 522 2558 ab
548 2491 621 2579 ipsa
646 2492 740 2561 lande
766 2491 990 2580 philosophiae
1021 2493 1187 2562 deseendit
1214 2493 1255 2560 ad

250 2579 459 2649 inhibendam
480 2581 550 2649 eius
571 2581 770 2650 hwundiam
792 2583 947 2652 aduereue
974 2583 1120 2651 amioum
1209 2583 1254 2652 30

252 2670 306 2738 sit
326 2670 401 2737 tibi
423 2692 546 2738 aurae
590 2669 681 2738 deest
701 2669 777 2758 ‘an’,
798 2677 836 2740 ut
857 2673 903 2740 sit
923 2694 1052 2742 nnana:
1075 2695 1118 2741 an
1136 2673 1180 2741 ait
1197 2673 1258 2740 tibi

250 2781 348 2829 outae
369 2757 544 2830 Munatius
632 2761 678 2830 32
703 2761 832 2852 gratia
857 2761 1089 2851 nequiquam
1116 2761 1195 2832 ooit
1221 2767 1259 2830 et

323 2919 448 2978 auam.
467 2929 492 2992 ι,
510 2927 546 2978 eo

322 3045 458 3103 aaut!
561 3045 952 3117 apraeeseotermeaell
1019 3047 1258 3121 ntedt,presao

39 3188 43 3199 1
255 3116 341 3176 ‘inter
362 3115 504 3176 omnus
526 3115 627 3176 tamas’
651 3117 735 3190 <prot
759 3115 834 3175 inter
855 3121 965 3193 tameo>
1010 3137 1074 3178 erus
1090 3123 1121 3178 et
1137 3119 1259 3178 Leandri

42 3317 45 3343 '
247 3277 397 3462 {twaede
450 3303 892 3392 emmeramia-
996 3333 1174 3393 1ahunoM
1226 3342 1298 3400 u¹

252 3403 418 3562 pagum
436 3405 503 3536 {Im
525 3404 1018 3552 -12witffitlimihhis
1025 3405 1258 3551 &humandam-os
1297 3423 1298 3500 Ῑ

250 3563 282 3604 aa
298 3546 484 3606 babhotbeon
506 3565 632 3624 uespere
656 3549 706 3619 Π,
723 3563 794 3608 oon.
810 3549 941 3609 Ham
978 3587 981 3596 ,
1028 3556 1060 3608 11
1080 3549 1259 3621 oonnenienti

253 3617 363 3693 my.-
379 3625 571 3680 eonusaenea
590 3622 628 3678 aa
691 3621 789 3680 naeu
808 3621 848 3680 at
911 3628 947 3679 as
964 3621 1000 3695 es.
1018 3623 1057 3681 aa
1077 3621 1115 3680 n.
1134 3625 1259 3690 1,1,10
1297 3585 1298 3660 i
