2644 3844
13 23 15 112 J
102 99 110 108 .
239 57 308 127 270
531 54 750 127 fflswtsl.
769 61 793 126 1,
811 59 908 127 ecs-e,
928 59 952 110 1.

240 225 318 293 uon
344 223 427 292 erit
476 243 575 310 quam
595 219 728 288 nenium
749 217 914 288 meliorem
936 217 992 304 ait,
1013 215 1090 304 quia
1110 235 1178 283 non
1200 213 1247 281 di·

240 314 330 381 uitis
351 313 408 380 sed
429 311 603 378 uirtutibus
624 309 731 378 honor
751 308 918 378 habeotur.
961 308 1043 374 haec
1064 305 1117 374 lex
1128 303 1249 374 Roscia

241 399 403 489 equitrtrus
434 399 512 466 (iste
542 402 606 486 est,
631 403 669 465 ut
693 399 729 465 iu
743 397 868 498 Μὴ
893 395 992 464 mn
1017 394 1172 484 gradibus
1199 415 1251 480 ses

241 507 356 576 dorent
380 527 491 576 eorum
522 506 560 593 ii,
586 505 642 594 qui
667 501 1047 574 &succumberent
1134 504 1180 571 64
1210 506 1249 569 et

213 597 413 665 oneribus
435 594 573 666 Curiis.
608 617 713 663 mares
735 615 823 663 nunc
843 615 903 684 pro
925 593 1112 664 fortissimis
1129 591 1247 680 posuit

330 687 374 754 ‘14
408 684 615 772 respondit
648 684 812 752 referam
852 684 942 770 quia
982 705 1037 752 me
1077 683 1248 770 uestigia

13 779 15 810 ³
127 829 131 836 .
240 777 399 841 terrent
465 772 508 838 ad
546 772 710 859 paradoxa
744 770 926 840 Stoicorum
961 773 1149 839 descensum
1184 771 1247 837 sibi

239 859 321 928 iacit
346 861 380 926 et
405 858 561 945 ostendit,
587 881 669 947 quae
696 859 759 926 sibi
784 860 924 946 populus
950 859 1114 926 conuaria
1138 857 1247 926 iaciat

240 948 447 1017 Luciliano
468 952 547 1015 sunt
567 947 656 1016 haec
699 947 820 1015 fabella
841 967 919 1036 argo
941 947 1112 1035 Aesopia
1140 946 1249 1034 arguit

201 1038 328 1110 winter
353 1059 388 1108 se
413 1037 663 1128 repugnantiam
688 1036 858 1108 hominum
885 1036 994 1106 dicens
1016 1035 1144 1106 beluam
1165 1035 1248 1104 mul·
1300 1094 1308 1110 .

241 1136 350 1199 torum
380 1129 523 1216 capitum
555 1151 634 1197 esse.
722 1130 766 1197 82
792 1127 892 1197 idem
922 1127 1052 1197 ecdem
1083 1131 1249 1216 possunt

241 1218 374 1287 horem
400 1217 548 1313 iurare.
598 1223 734 1306 utraque
755 1218 836 1286 haec
858 1240 879 1285 c
901 1216 1018 1287 Stoicis
1040 1217 1191 1285 dicuutur
1211 1217 1248 1282 iu

241 1307 402 1376 insaniam
414 1306 515 1395 uulgi,
532 1305 772 1412 primumquod
783 1308 869 1376 intes
881 1329 916 1375 se
929 1307 1115 1393 dissideant,
1132 1304 1247 1374 deinde

242 1396 329 1483 quod
355 1418 377 1464 e
402 1401 505 1464 semet
529 1396 610 1484 ipsis
636 1401 764 1465 mutent
789 1397 925 1464 subinde
950 1396 1127 1484 proposita
1203 1393 1248 1461 94

202 1486 275 1562 usi
298 1487 456 1552 curatus
478 1485 676 1572 inaequali
698 1489 856 1553 tonsore
885 1485 1059 1572 capillos.
1102 1483 1166 1554 hoo
1188 1483 1247 1550 ait:

159 1637 171 1661 ·.
240 1573 326 1642 rides
349 1595 426 1642 cum
452 1573 487 1642 in
513 1597 566 1642 me
591 1575 683 1643 uides
709 1574 838 1662 culpam
864 1577 923 1642 cut
947 1573 1091 1643 tonsoris
1114 1577 1172 1642 aut
1193 1593 1247 1640 ue-

241 1663 358 1750 su'arii,
383 1685 458 1732 cum
483 1684 546 1753 ego
572 1663 653 1732 mihi
681 1663 750 1752 ipse
772 1663 936 1732 cannara
956 1662 1042 1732 iccio
1062 1684 1132 1732 uon
1153 1662 1248 1730 rides

331 1753 394 1822 101
431 1753 605 1820 insanire
640 1760 753 1841 putes
789 1753 994 1822 sollemnia
1032 1775 1086 1821 me
1124 1772 1248 1839 neque

239 1840 353 1909 rides.
410 1841 572 1908 insaniam
598 1841 702 1928 illam,
727 1863 825 1928 quam
852 1841 1009 1925 sustimc,
1040 1840 1142 1908 credis
1159 1839 1248 1910 ,mihi

200 1965 230 2008 η
242 1929 432 1999 soliemnem
452 1929 543 1998 iactu
559 1934 595 1999 et
609 1930 823 2000 necessariam
840 1951 910 1998 esse
928 1933 963 1997 et
978 1928 1052 1998 ideo
1068 1950 1137 1998 non
1152 1927 1249 1996 rides.

331 2019 396 2086 103
425 2041 552 2087 rerum
587 2021 712 2088 tutele
746 2041 921 2088 mearum.
973 2018 1155 2087 Maecenati
1183 2014 1248 2084 hoc

241 2107 297 2173 ait
352 2105 415 2174 108
433 2108 641 2194 praecipue
663 2130 780 2175 sanus
802 2107 880 2175 uisi
901 2129 984 2175 cum
1005 2107 1150 2194 pituita
1171 2128 1248 2173 mo-

239 2194 342 2261 leste
366 2197 435 2262 est.
487 2195 523 2261 iu
548 2195 726 2263 nouiseimo
753 2195 959 2263 seueritatem
986 2193 1168 2263 Stoicorum
1194 2191 1249 2259 hic

241 2281 355 2368 eludit,
382 2283 476 2369 quaai
500 2283 613 2351 furtim
639 2284 681 2353 ei
705 2283 910 2372 Aristippum
938 2283 1096 2352 relabens.
1139 2303 1249 2370 pree·

201 2370 351 2459 „cipue
373 2372 694 2539 oppouppaenisiopipm
715 2373 861 2459 pituita
886 2372 1051 2440 molesta
1072 2375 1139 2440 est
1184 2363 1248 2439 uisi

230 2479 315 2526 -cum
335 2479 394 2526 m
531 2481 589 2546 mp

609 2651 790 2711 nemum
809 2660 834 2724 1.
851 2659 877 2711 t.

284 2721 293 2738 δ
329 2758 489 2829 Troiani
506 2761 601 2829 belli
618 2761 844 2850 scriptorem
860 2763 1020 2831 maxime
1033 2762 1145 2832 Lolli
1172 2763 1249 2831 sori·

105 2903 113 2915 .
241 2847 441 2917 bensLollio
463 2849 510 2917 ait
529 2851 615 2919 lecto
637 2872 659 2918 e
679 2873 714 2920 se
731 2853 881 2939 poemate
893 2851 1027 2920 Homeri
1040 2852 1249 2920 manifestum

202 2936 306 3015 „nui
332 2937 454 3005 iactum
479 2959 563 3027 esse,
589 2939 705 3008 melius
731 2939 866 3030 exprimi
892 2940 934 3009 ab
963 2962 1003 3010 eo
1024 2939 1250 3030 philosophiae

313 3111 574 3172 tlitbriiith
652 3123 657 3134 ⁴

313 3275 526 3333 lmmil
594 3273 865 3335 ttseolexstec
1018 3277 1025 3294 ⁶
1091 3276 1250 3336 cimai-

110 3391 115 3398 ·
241 3345 616 3477 manime
638 3347 869 3478 ΜἪ
892 3367 911 3407 ·
937 3425 969 3480 a
994 3349 1253 3480 amm}

241 3487 418 3548 credensi!
503 3489 1148 3552 momumenoouuoconcactot.
1213 3499 1250 3552 tt

241 3561 391 3632 metati«
408 3561 467 3621 cod.
485 3561 566 3621 Pasa·
581 3561 725 3624 Dusae:
743 3556 947 3628 sueonozu
964 3563 1004 3622 M
