2672 4108
199 189 206 200 ·
273 151 338 220 140
624 150 698 210 ΟΒΕ
715 150 763 222 lv,
783 157 816 208 18
834 151 865 208 et
885 156 926 208 14.
1030 152 1033 158 '

272 315 403 384 facem.
447 313 634 401 ἐμφπικῶς
661 314 751 381 illam
777 319 815 381 ut
836 313 967 380 Amoris
994 312 1099 380 lacem
1121 311 1281 399 dilapsam

272 403 375 471 sitin
396 403 519 472 cineres
541 407 576 471 ct
596 406 820 488 consumptam
842 401 1015 470 refrixisse.

685 554 759 614 onn
777 565 805 627 ι,
824 563 867 615 ιι.

359 665 463 744 Quae
484 689 575 735 cura
606 670 759 754 petrum
790 687 937 753 quaeue
969 663 1180 752 quiritium.
1224 685 1279 731 ne·

242 758 329 844 eget
350 756 416 823 ulle
438 760 570 824 senetus
592 755 745 842 populius
762 752 903 821 Romani
925 752 1079 838 obsequio
1101 774 1197 841 posse
1218 775 1278 841 pro

266 845 389 910 meritis
419 844 536 932 dignos
568 844 709 912 honores
739 843 879 910 inueniri
915 842 1090 909 uirtutibus
1121 840 1278 909 Caesaris.

355 933 378 999 4
417 954 485 1020 per
502 933 642 1001 titulos
661 953 922 1021 memoresque
944 932 1070 998 instes
1089 934 1278 998 aeternet:

265 1020 382 1109 qnibns
412 1021 448 1088 in
474 1025 642 1089 aeternum
673 1026 886 1088 consecretur.
975 1021 995 1086 ‘l
1033 1041 1142 1107 quem
1176 1019 1277 1109 legis

265 1113 441 1198 expertes
485 1109 650 1178 Latinae
693 1107 890 1178 Uindelici
940 1108 1110 1178 didicere
1155 1129 1278 1196 nuper

225 1198 356 1285 ”quid
390 1197 513 1266 Mente
552 1199 689 1286 possis.
732 1220 801 1266 uon
829 1199 876 1265 sic
897 1196 978 1265 haec
1000 1197 1092 1284 dicit,
1119 1199 1213 1286 qussi
1234 1197 1276 1265 ab

263 1287 416 1377 Augusto
447 1283 585 1356 Caesare
615 1285 777 1355 Uindelici
808 1285 959 1354 debellati
987 1285 1067 1372 sint,
1101 1287 1158 1354 sed
1190 1284 1277 1374 quod

267 1373 394 1445 Drusus
411 1376 603 1444 exercitibus
621 1375 813 1464 etauspiciis
826 1376 969 1464 Augusti
986 1397 1041 1443 eos
1059 1374 1276 1444 debellauerit.

241 1507 245 1516 ·
355 1466 397 1535 10
419 1465 626 1534 Genaunes
657 1463 918 1552 Breunosque.
954 1461 1138 1553 Cisalpinae
1161 1470 1275 1554 gentes

221 1625 226 1632 ,
266 1555 431 1622 sunthee.
519 1556 560 1622 12
583 1559 750 1622 etarces
772 1553 938 1640 Alpibus
974 1553 1168 1641 inpositas
1204 1560 1276 1624 tre·

223 1645 414 1710 ss'messds's.
458 1665 523 1710 scca
544 1643 651 1728 ‘Alpes
668 1641 867 1710 tremendas'
886 1645 927 1709 nt
945 1643 1066 1710 dictum
1084 1649 1135 1710 est
1151 1643 1276 1710 intelle·

337 1753 376 1798 us
403 1731 460 1798 sed
489 1731 567 1799 ‘hos
595 1731 780 1799 tremendos
806 1731 840 1798 id
863 1735 914 1799 est
935 1730 1110 1816 timendos,
1140 1732 1196 1820 qui
1218 1753 1274 1798 eas

286 1817 438 1886 abitant’.
508 1819 548 1887 13
579 1819 722 1888 deiecit
752 1840 839 1887 acer
868 1822 955 1907 plus
986 1819 1069 1886 uice
1095 1818 1274 1906 simplici.

262 1908 334 1973 uult
362 1907 509 1996 intellegi
539 1909 575 1975 in
605 1908 773 1976 uumndis
804 1907 855 1974 luis
884 1929 953 1976 non
975 1912 1101 1974 tentem
1122 1909 1187 1975 illis
1210 1909 1273 1976 cln-

264 1994 337 2062 dem
372 1995 520 2064 intulisse
557 2001 712 2084 quantam
743 1995 807 2083 ipsi
838 1995 1005 2080 dederant,
1041 1996 1098 2063 sed
1133 1995 1274 2082 duplam.

218 2082 324 2151 *lace
345 2089 396 2151 est
416 2085 504 2152 enim
526 2085 606 2153 ‘non
628 2084 806 2172 simplicem
828 2084 931 2152 uicem
954 2082 1165 2151 reddentem’.

264 2173 307 2237 14
334 2171 455 2240 maier
485 2169 689 2240 Neronum.
733 2171 812 2240 crdo
835 2176 899 2238 est:
936 2171 1060 2238 Drusus
1083 2171 1187 2238 maior
1208 2168 1274 2238 Ne·

264 2279 389 2326 renum.
439 2260 494 2326 hic
524 2258 610 2327 enim
641 2259 744 2327 maior
772 2263 855 2326 natu
885 2259 957 2326 fuit
1048 2260 1089 2326 18
1130 2257 1271 2326 deuota

261 2347 377 2413 morti
407 2352 569 2434 pectora
600 2347 756 2415 liberae.
787 2347 966 2433 eleganter:
1005 2368 1072 2414 non
1090 2351 1272 2414 metuentes

261 2438 407 2500 mortem
460 2440 588 2502 monem
617 2436 752 2501 liberam
783 2438 940 2520 perpetuo
972 2435 1115 2519 epitheto
1151 2435 1272 2501 dictem

218 2519 377 2606 *sempe
458 2520 500 2589 19
533 2521 690 2608 quantis
724 2521 915 2609 fatigaret
949 2521 1089 2590 ruinis:
1125 2520 1271 2590 hostium

201 2639 211 2651 ·
258 2607 513 2676 minisscilicet
578 2611 624 2678 20
653 2609 864 2677 indomitas
887 2631 1012 2697 prope
1044 2611 1170 2698 qualis
1198 2633 1268 2678 un·

259 2694 325 2762 des
347 2702 500 2764 exercet
528 2696 673 2765 Auster
698 2694 896 2764 Pleiadum
918 2698 1034 2766 choro
1066 2698 1269 2766 scindente

259 2783 378 2851 nubes
407 2785 562 2872 inpiger
591 2785 761 2854 hostium
789 2807 929 2854 uexere
951 2790 1106 2856 turmas.
1150 2789 1269 2856 mirum

259 2870 387 2956 aliquod
409 2873 555 2958 sequitur
576 2867 826 2952 demetientem
854 2896 928 2941 cum
949 2874 1037 2942 enim
1059 2876 1269 2962 praedixisset

217 2955 396 3042 ss‘qnslis’,
426 2980 495 3026 non
516 2960 628 3026 intulit
649 2959 736 3046 qnod
757 2966 828 3028 erat
849 2983 1050 3048 consequens
1072 2962 1189 3050 'talis',
1211 2964 1268 3031 sed

260 3043 418 3134 ‘inpigert
463 3067 541 3135 ergo
572 3047 620 3116 sic
650 3051 756 3117 totum
784 3049 1049 3138 intellegendum:
1085 3050 1190 3138 qualis
1218 3054 1269 3119 est

328 3226 343 3277 1
361 3223 532 3279 esdsnxsc
549 3221 589 3278 Μ
669 3221 853 3306 sreirrxnsse
873 3225 916 3306 κιι
932 3227 1210 3296 caramuel.)
1230 3225 1269 3282 Μ

265 3343 272 3354 ,
328 3291 451 3374 ’ῌοιοα
470 3291 509 3349 Μ
594 3297 611 3349 8
638 3293 723 3376 certa
749 3292 850 3376 qmbus
871 3311 901 3349 ιιι
918 3297 1064 3352 umam
1081 3299 1266 3380 consecretur,

257 3375 376 3488 idm
391 3359 900 3504 (d‘e‘lpxlfflmrdod'xdrmffbnd's
907 3380 1045 3510 Μιιιιιιιιιιι
1092 3477 1099 3495 .
1122 3382 1195 3496 mid
1202 3439 1264 3496 ten·

256 3502 318 3556 tum
336 3500 375 3558 Μ
451 3508 486 3560 tt
503 3505 660 3560 mecumte-
676 3518 740 3560 ιιωι
766 3507 894 3562 metum
912 3507 951 3564 M
1026 3513 1061 3563 tt
1078 3511 1199 3566 mertem
1215 3510 1263 3566 ad·

255 3571 405 3712 13⁶qu
405 3572 522 3700 ³c‘lucrts
538 3572 577 3630 Μ
635 3579 671 3633 28
688 3575 905 3633 marmus
922 3577 962 3634 Μ
1013 3582 1048 3634 2⁹
1067 3577 1184 3650 aliquod
1200 3593 1264 3676 scs:

923 3899 1108 3920 ..μηνυτὴν-’1η
1130 3877 1324 3917 *wad
