<?xml version="1.0" encoding="UTF-8"?>
<!DOCTYPE html PUBLIC "-//W3C//DTD XHTML 1.0 Transitional//EN"
    "http://www.w3.org/TR/xhtml1/DTD/xhtml1-transitional.dtd">
<html xmlns="http://www.w3.org/1999/xhtml" xml:lang="en" lang="en">
 <head>
  <title>
</title>
<meta http-equiv="Content-Type" content="text/html;charset=utf-8" />
  <meta name='ocr-system' content='tesseract 3.04.00' />
  <meta name='ocr-capabilities' content='ocr_page ocr_carea ocr_par ocr_line ocrx_word'/>
</head>
<body>
  <div class='ocr_page' id='page_1' title='image "./commentuminhora00porpgoog_0156.png"; bbox 0 0 2672 4108; ppageno 0'>
   <div class='ocr_carea' id='block_1_1' title="bbox 409 87 1284 169">
    <p class='ocr_par' dir='ltr' id='par_1_1' title="bbox 409 87 1284 169">
     <span class='ocr_line' id='line_1_1' title="bbox 409 87 1284 169; baseline 0.007 -12"><span class='ocrx_word' id='word_1_1' title='bbox 409 95 712 169; x_wconf 72' lang='lat' dir='ltr'>concurrere.</span> <span class='ocrx_word' id='word_1_2' title='bbox 1015 92 1078 161; x_wconf 76' lang='grc'>137</span> <span class='ocrx_word' id='word_1_3' title='bbox 1144 155 1147 160; x_wconf 89' lang='grc'>.</span> <span class='ocrx_word' id='word_1_4' title='bbox 1269 87 1284 166; x_wconf 53' lang='grc' dir='ltr'><strong><em>ὖ</em></strong></span> 
     </span>
    </p>
   </div>
   <div class='ocr_carea' id='block_1_2' title="bbox 66 246 1294 701">
    <p class='ocr_par' dir='ltr' id='par_1_2' title="bbox 66 246 1294 701">
     <span class='ocr_line' id='line_1_2' title="bbox 71 246 1289 347; baseline -0.004 -15"><span class='ocrx_word' id='word_1_5' title='bbox 71 271 159 332; x_wconf 85' lang='lat' dir='ltr'>tuee</span> <span class='ocrx_word' id='word_1_6' title='bbox 195 263 316 332; x_wconf 87' lang='lat' dir='ltr'>sortis</span> <span class='ocrx_word' id='word_1_7' title='bbox 352 260 531 329; x_wconf 87' lang='lat' dir='ltr'>iuuenem</span> <span class='ocrx_word' id='word_1_8' title='bbox 566 259 706 347; x_wconf 80' lang='lat' dir='ltr'>puelle.</span> <span class='ocrx_word' id='word_1_9' title='bbox 763 260 805 326; x_wconf 83' lang='lat' dir='ltr'>ed</span> <span class='ocrx_word' id='word_1_10' title='bbox 840 259 1005 328; x_wconf 83' lang='lat' dir='ltr'>mulierem</span> <span class='ocrx_word' id='word_1_11' title='bbox 1033 259 1081 328; x_wconf 91' lang='lat' dir='ltr'>lc·</span> <span class='ocrx_word' id='word_1_12' title='bbox 1271 246 1289 340; x_wconf 59' lang='grc' dir='ltr'>,ἲ</span> 
     </span>
     <span class='ocr_line' id='line_1_3' title="bbox 70 349 1260 440; baseline -0.005 -20"><span class='ocrx_word' id='word_1_13' title='bbox 70 353 192 440; x_wconf 85' lang='lat' dir='ltr'>quitur,</span> <span class='ocrx_word' id='word_1_14' title='bbox 223 352 314 420; x_wconf 88' lang='lat' dir='ltr'>cuius</span> <span class='ocrx_word' id='word_1_15' title='bbox 346 371 466 418; x_wconf 88' lang='lat' dir='ltr'>nomen</span> <span class='ocrx_word' id='word_1_16' title='bbox 496 370 565 417; x_wconf 91' lang='lat' dir='ltr'>uon</span> <span class='ocrx_word' id='word_1_17' title='bbox 593 349 743 417; x_wconf 87' lang='lat' dir='ltr'>ostendit.</span> <span class='ocrx_word' id='word_1_18' title='bbox 788 349 950 438; x_wconf 71' lang='lat' dir='ltr'>significat</span> <span class='ocrx_word' id='word_1_19' title='bbox 971 352 1079 416; x_wconf 81' lang='lat' dir='ltr'>eutem</span> <span class='ocrx_word' id='word_1_20' title='bbox 1168 382 1203 398; x_wconf 91' lang='lat'>-·</span> <span class='ocrx_word' id='word_1_21' title='bbox 1257 376 1260 384; x_wconf 69' lang='lat'>=</span> 
     </span>
     <span class='ocr_line' id='line_1_4' title="bbox 66 438 1292 530; baseline -0.004 -22"><span class='ocrx_word' id='word_1_22' title='bbox 66 441 168 508; x_wconf 82' lang='lat' dir='ltr'>emeri</span> <span class='ocrx_word' id='word_1_23' title='bbox 182 441 223 508; x_wconf 81' lang='lat' dir='ltr'>cb</span> <span class='ocrx_word' id='word_1_24' title='bbox 246 439 308 508; x_wconf 82' lang='lat' dir='ltr'>hec</span> <span class='ocrx_word' id='word_1_25' title='bbox 322 438 501 526; x_wconf 76' lang='lat' dir='ltr'>Telephum</span> <span class='ocrx_word' id='word_1_26' title='bbox 518 459 669 526; x_wconf 86' lang='lat' dir='ltr'>puerum,</span> <span class='ocrx_word' id='word_1_27' title='bbox 695 459 792 524; x_wconf 89' lang='lat' dir='ltr'>quem</span> <span class='ocrx_word' id='word_1_28' title='bbox 812 438 878 504; x_wconf 83' lang='lat' dir='ltr'>inm</span> <span class='ocrx_word' id='word_1_29' title='bbox 900 438 965 505; x_wconf 80' lang='lat' dir='ltr'>ulio</span> <span class='ocrx_word' id='word_1_30' title='bbox 986 459 1078 506; x_wconf 89' lang='lat' dir='ltr'>occu·</span> <span class='ocrx_word' id='word_1_31' title='bbox 1162 487 1167 496; x_wconf 83' lang='lat'><em>.</em></span> <span class='ocrx_word' id='word_1_32' title='bbox 1258 471 1267 530; x_wconf 64' lang='lat'><em>3</em></span> <span class='ocrx_word' id='word_1_33' title='bbox 1289 462 1292 503; x_wconf 91' lang='lat'>·.</span> 
     </span>
     <span class='ocr_line' id='line_1_5' title="bbox 68 525 1222 616; baseline -0.002 -20"><span class='ocrx_word' id='word_1_34' title='bbox 68 534 210 616; x_wconf 78' lang='lat' dir='ltr'>paueret</span> <span class='ocrx_word' id='word_1_35' title='bbox 254 550 332 596; x_wconf 88' lang='lat' dir='ltr'>uon</span> <span class='ocrx_word' id='word_1_36' title='bbox 367 532 458 595; x_wconf 81' lang='lat' dir='ltr'>tuce</span> <span class='ocrx_word' id='word_1_37' title='bbox 493 527 628 595; x_wconf 77' lang='lat' dir='ltr'>eortiec</span> <span class='ocrx_word' id='word_1_38' title='bbox 663 547 731 594; x_wconf 87' lang='lat' dir='ltr'>non</span> <span class='ocrx_word' id='word_1_39' title='bbox 765 531 840 593; x_wconf 82' lang='lat' dir='ltr'>tuce</span> <span class='ocrx_word' id='word_1_40' title='bbox 876 525 1079 612; x_wconf 87' lang='lat' dir='ltr'>conditionis,</span> <span class='ocrx_word' id='word_1_41' title='bbox 1219 583 1222 590; x_wconf 90' lang='lat'>.</span> 
     </span>
     <span class='ocr_line' id='line_1_6' title="bbox 69 615 1294 701; baseline -0.003 -17"><span class='ocrx_word' id='word_1_42' title='bbox 69 622 233 684; x_wconf 83' lang='lat' dir='ltr'>nontuue</span> <span class='ocrx_word' id='word_1_43' title='bbox 256 615 497 684; x_wconf 72' lang='lat' dir='ltr'><strong>mediocritatis.</strong></span> <span class='ocrx_word' id='word_1_44' title='bbox 563 616 607 683; x_wconf 83' lang='lat'>23</span> <span class='ocrx_word' id='word_1_45' title='bbox 637 617 821 701; x_wconf 86' lang='lat' dir='ltr'>tenetque</span> <span class='ocrx_word' id='word_1_46' title='bbox 850 620 963 701; x_wconf 81' lang='lat' dir='ltr'>grute</span> <span class='ocrx_word' id='word_1_47' title='bbox 989 634 1104 681; x_wconf 81' lang='lat' dir='ltr'>con-c</span> <span class='ocrx_word' id='word_1_48' title='bbox 1142 681 1144 686; x_wconf 73' lang='grc'>,</span> <span class='ocrx_word' id='word_1_49' title='bbox 1261 642 1294 651; x_wconf 65' lang='lat'>·=</span> 
     </span>
    </p>
   </div>
   <div class='ocr_carea' id='block_1_3' title="bbox 63 702 1116 1588">
    <p class='ocr_par' dir='ltr' id='par_1_3' title="bbox 63 702 1116 1588">
     <span class='ocr_line' id='line_1_7' title="bbox 67 702 1078 791; baseline -0.002 -21"><span class='ocrx_word' id='word_1_50' title='bbox 67 703 165 791; x_wconf 88' lang='lat' dir='ltr'>pede</span> <span class='ocrx_word' id='word_1_51' title='bbox 195 704 379 772; x_wconf 88' lang='lat' dir='ltr'>uinctum.</span> <span class='ocrx_word' id='word_1_52' title='bbox 423 704 506 771; x_wconf 89' lang='lat' dir='ltr'>bello</span> <span class='ocrx_word' id='word_1_53' title='bbox 538 702 649 789; x_wconf 75' lang='lat' dir='ltr'>‘grets</span> <span class='ocrx_word' id='word_1_54' title='bbox 674 702 833 786; x_wconf 86' lang='lat' dir='ltr'>conpede’</span> <span class='ocrx_word' id='word_1_55' title='bbox 863 702 982 770; x_wconf 80' lang='lat' dir='ltr'>amoris</span> <span class='ocrx_word' id='word_1_56' title='bbox 1007 703 1078 768; x_wconf 91' lang='lat' dir='ltr'>uin·</span> 
     </span>
     <span class='ocr_line' id='line_1_8' title="bbox 72 787 1076 860; baseline -0.004 0"><span class='ocrx_word' id='word_1_57' title='bbox 72 792 180 860; x_wconf 86' lang='lat' dir='ltr'>culum</span> <span class='ocrx_word' id='word_1_58' title='bbox 189 793 244 859; x_wconf 82' lang='lat' dir='ltr'>cit</span> <span class='ocrx_word' id='word_1_59' title='bbox 306 791 350 860; x_wconf 82' lang='lat'>25</span> <span class='ocrx_word' id='word_1_60' title='bbox 368 794 492 859; x_wconf 84' lang='lat' dir='ltr'>terret</span> <span class='ocrx_word' id='word_1_61' title='bbox 508 792 704 858; x_wconf 84' lang='lat' dir='ltr'>emhuetus</span> <span class='ocrx_word' id='word_1_62' title='bbox 721 787 923 857; x_wconf 78' lang='lat' dir='ltr'>Phaethon</span> <span class='ocrx_word' id='word_1_63' title='bbox 941 811 1076 857; x_wconf 79' lang='lat' dir='ltr'>cuorus</span> 
     </span>
     <span class='ocr_line' id='line_1_9' title="bbox 68 877 1077 968; baseline -0.002 -22"><span class='ocrx_word' id='word_1_64' title='bbox 68 901 164 966; x_wconf 80' lang='lat' dir='ltr'>spes.</span> <span class='ocrx_word' id='word_1_65' title='bbox 209 902 251 947; x_wconf 90' lang='lat' dir='ltr'>nc</span> <span class='ocrx_word' id='word_1_66' title='bbox 280 881 358 968; x_wconf 88' lang='lat' dir='ltr'>quid</span> <span class='ocrx_word' id='word_1_67' title='bbox 390 879 484 946; x_wconf 81' lang='lat' dir='ltr'>auide</span> <span class='ocrx_word' id='word_1_68' title='bbox 513 883 546 945; x_wconf 89' lang='lat' dir='ltr'>et</span> <span class='ocrx_word' id='word_1_69' title='bbox 572 900 671 964; x_wconf 82' lang='lat' dir='ltr'>supro</span> <span class='ocrx_word' id='word_1_70' title='bbox 693 877 908 945; x_wconf 88' lang='lat' dir='ltr'>conditionem</span> <span class='ocrx_word' id='word_1_71' title='bbox 931 881 1077 945; x_wconf 82' lang='lat' dir='ltr'>noctram</span> 
     </span>
     <span class='ocr_line' id='line_1_10' title="bbox 71 964 1077 1055; baseline -0.001 -20"><span class='ocrx_word' id='word_1_72' title='bbox 71 966 221 1055; x_wconf 77' lang='lat' dir='ltr'>adpetere</span> <span class='ocrx_word' id='word_1_73' title='bbox 242 985 410 1055; x_wconf 85' lang='lat' dir='ltr'>conemur,</span> <span class='ocrx_word' id='word_1_74' title='bbox 434 965 649 1035; x_wconf 74' lang='lat' dir='ltr'>Phaethontis</span> <span class='ocrx_word' id='word_1_75' title='bbox 672 970 706 1034; x_wconf 87' lang='lat' dir='ltr'>et</span> <span class='ocrx_word' id='word_1_76' title='bbox 722 964 982 1054; x_wconf 75' lang='lat' dir='ltr'>Bellerophontis</span> <span class='ocrx_word' id='word_1_77' title='bbox 1003 987 1077 1054; x_wconf 91' lang='lat' dir='ltr'>pro·</span> 
     </span>
     <span class='ocr_line' id='line_1_11' title="bbox 67 1055 1116 1145; baseline -0.004 -20"><span class='ocrx_word' id='word_1_78' title='bbox 67 1062 234 1143; x_wconf 88' lang='lat' dir='ltr'>ponuntur</span> <span class='ocrx_word' id='word_1_79' title='bbox 256 1059 410 1144; x_wconf 82' lang='lat' dir='ltr'>exempla.</span> <span class='ocrx_word' id='word_1_80' title='bbox 476 1057 520 1123; x_wconf 78' lang='lat'>29</span> <span class='ocrx_word' id='word_1_81' title='bbox 552 1078 700 1144; x_wconf 86' lang='lat' dir='ltr'>semper</span> <span class='ocrx_word' id='word_1_82' title='bbox 730 1058 773 1123; x_wconf 87' lang='lat' dir='ltr'>ut</span> <span class='ocrx_word' id='word_1_83' title='bbox 803 1058 841 1124; x_wconf 88' lang='lat' dir='ltr'>tc</span> <span class='ocrx_word' id='word_1_84' title='bbox 871 1055 989 1145; x_wconf 82' lang='lat' dir='ltr'>digne</span> <span class='ocrx_word' id='word_1_85' title='bbox 1019 1077 1116 1122; x_wconf 86' lang='lat' dir='ltr'>se·n</span> 
     </span>
     <span class='ocr_line' id='line_1_12' title="bbox 63 1144 1073 1232; baseline -0.002 -20"><span class='ocrx_word' id='word_1_86' title='bbox 63 1166 182 1231; x_wconf 80' lang='lat' dir='ltr'>querc</span> <span class='ocrx_word' id='word_1_87' title='bbox 214 1150 251 1212; x_wconf 84' lang='lat' dir='ltr'>et</span> <span class='ocrx_word' id='word_1_88' title='bbox 279 1146 384 1212; x_wconf 85' lang='lat' dir='ltr'>ultre</span> <span class='ocrx_word' id='word_1_89' title='bbox 415 1167 526 1232; x_wconf 85' lang='lat' dir='ltr'>quem</span> <span class='ocrx_word' id='word_1_90' title='bbox 557 1144 651 1212; x_wconf 86' lang='lat' dir='ltr'>licet</span> <span class='ocrx_word' id='word_1_91' title='bbox 682 1165 837 1230; x_wconf 76' lang='lat' dir='ltr'>sperare</span> <span class='ocrx_word' id='word_1_92' title='bbox 867 1145 979 1211; x_wconf 80' lang='lat' dir='ltr'>netes</span> <span class='ocrx_word' id='word_1_93' title='bbox 1006 1167 1073 1230; x_wconf 90' lang='lat' dir='ltr'>pu·</span> 
     </span>
     <span class='ocr_line' id='line_1_13' title="bbox 64 1231 1074 1320; baseline -0.001 -20"><span class='ocrx_word' id='word_1_94' title='bbox 64 1233 182 1301; x_wconf 84' lang='lat' dir='ltr'>tendo</span> <span class='ocrx_word' id='word_1_95' title='bbox 218 1232 413 1320; x_wconf 75' lang='lat' dir='ltr'>disparem</span> <span class='ocrx_word' id='word_1_96' title='bbox 449 1233 561 1300; x_wconf 87' lang='lat' dir='ltr'>uites.</span> <span class='ocrx_word' id='word_1_97' title='bbox 628 1231 769 1300; x_wconf 79' lang='lat' dir='ltr'>difficilis</span> <span class='ocrx_word' id='word_1_98' title='bbox 805 1231 902 1300; x_wconf 88' lang='lat' dir='ltr'>dictio</span> <span class='ocrx_word' id='word_1_99' title='bbox 938 1231 1074 1319; x_wconf 80' lang='lat' dir='ltr'>phreeis</span> 
     </span>
     <span class='ocr_line' id='line_1_14' title="bbox 63 1320 1074 1410; baseline 0 -22"><span class='ocrx_word' id='word_1_100' title='bbox 63 1325 175 1389; x_wconf 86' lang='lat' dir='ltr'>monet</span> <span class='ocrx_word' id='word_1_101' title='bbox 197 1325 320 1390; x_wconf 85' lang='lat' dir='ltr'>eutem:</span> <span class='ocrx_word' id='word_1_102' title='bbox 356 1323 517 1410; x_wconf 72' lang='lat' dir='ltr'>disparem</span> <span class='ocrx_word' id='word_1_103' title='bbox 539 1321 638 1406; x_wconf 85' lang='lat' dir='ltr'>uites,</span> <span class='ocrx_word' id='word_1_104' title='bbox 664 1325 703 1389; x_wconf 86' lang='lat' dir='ltr'>ut</span> <span class='ocrx_word' id='word_1_105' title='bbox 722 1320 828 1409; x_wconf 86' lang='lat' dir='ltr'>possis</span> <span class='ocrx_word' id='word_1_106' title='bbox 850 1325 883 1388; x_wconf 84' lang='lat' dir='ltr'>tc</span> <span class='ocrx_word' id='word_1_107' title='bbox 905 1320 1006 1408; x_wconf 80' lang='lat' dir='ltr'>digne</span> <span class='ocrx_word' id='word_1_108' title='bbox 1026 1341 1074 1388; x_wconf 88' lang='lat' dir='ltr'>sc·</span> 
     </span>
     <span class='ocr_line' id='line_1_15' title="bbox 65 1410 1074 1498; baseline 0.001 -22"><span class='ocrx_word' id='word_1_109' title='bbox 65 1411 119 1497; x_wconf 87' lang='lat' dir='ltr'>qui</span> <span class='ocrx_word' id='word_1_110' title='bbox 137 1415 170 1476; x_wconf 86' lang='lat' dir='ltr'>et</span> <span class='ocrx_word' id='word_1_111' title='bbox 183 1411 276 1478; x_wconf 81' lang='lat' dir='ltr'>nefus</span> <span class='ocrx_word' id='word_1_112' title='bbox 293 1411 413 1478; x_wconf 88' lang='lat' dir='ltr'>hebere</span> <span class='ocrx_word' id='word_1_113' title='bbox 431 1411 467 1477; x_wconf 88' lang='lat' dir='ltr'>in</span> <span class='ocrx_word' id='word_1_114' title='bbox 484 1432 575 1498; x_wconf 89' lang='lat' dir='ltr'>spem</span> <span class='ocrx_word' id='word_1_115' title='bbox 592 1410 712 1478; x_wconf 88' lang='lat' dir='ltr'>referre</span> <span class='ocrx_word' id='word_1_116' title='bbox 729 1410 803 1496; x_wconf 89' lang='lat' dir='ltr'>plus</span> <span class='ocrx_word' id='word_1_117' title='bbox 821 1430 921 1497; x_wconf 79' lang='lat' dir='ltr'>quem</span> <span class='ocrx_word' id='word_1_118' title='bbox 938 1413 1074 1497; x_wconf 85' lang='lat' dir='ltr'>oportet</span> 
     </span>
     <span class='ocr_line' id='line_1_16' title="bbox 128 1499 1112 1588; baseline -0.003 -22"><span class='ocrx_word' id='word_1_119' title='bbox 128 1499 171 1567; x_wconf 86' lang='lat'>31</span> <span class='ocrx_word' id='word_1_120' title='bbox 191 1521 260 1588; x_wconf 80' lang='lat' dir='ltr'>ege</span> <span class='ocrx_word' id='word_1_121' title='bbox 288 1501 363 1568; x_wconf 82' lang='lat' dir='ltr'>ium</span> <span class='ocrx_word' id='word_1_122' title='bbox 381 1521 549 1568; x_wconf 90' lang='lat' dir='ltr'>meorum</span> <span class='ocrx_word' id='word_1_123' title='bbox 566 1499 661 1568; x_wconf 85' lang='lat' dir='ltr'>iinis</span> <span class='ocrx_word' id='word_1_124' title='bbox 680 1521 862 1586; x_wconf 81' lang='lat' dir='ltr'>umorum,</span> <span class='ocrx_word' id='word_1_125' title='bbox 879 1520 956 1567; x_wconf 88' lang='lat' dir='ltr'>uon</span> <span class='ocrx_word' id='word_1_126' title='bbox 972 1499 1112 1567; x_wconf 83' lang='lat' dir='ltr'>enimn</span> 
     </span>
    </p>
   </div>
   <div class='ocr_carea' id='block_1_4' title="bbox 64 1588 1279 1785">
    <p class='ocr_par' dir='ltr' id='par_1_4' title="bbox 64 1553 1279 1785">
     <span class='ocr_line' id='line_1_17' title="bbox 64 1588 1207 1678; baseline 0.005 -23"><span class='ocrx_word' id='word_1_127' title='bbox 64 1588 225 1676; x_wconf 77' lang='lat' dir='ltr'>posthac</span> <span class='ocrx_word' id='word_1_128' title='bbox 257 1589 335 1658; x_wconf 80' lang='lat' dir='ltr'>alie</span> <span class='ocrx_word' id='word_1_129' title='bbox 366 1589 689 1678; x_wconf 77' lang='lat' dir='ltr'>celeboiemiuu,</span> <span class='ocrx_word' id='word_1_130' title='bbox 720 1589 900 1658; x_wconf 89' lang='lat' dir='ltr'>condisce</span> <span class='ocrx_word' id='word_1_131' title='bbox 932 1589 1071 1658; x_wconf 85' lang='lat' dir='ltr'>modos.</span> <span class='ocrx_word' id='word_1_132' title='bbox 1202 1649 1207 1656; x_wconf 87' lang='lat'><em>.</em></span> 
     </span>
     <span class='ocr_line' id='line_1_18' title="bbox 108 1679 1279 1785; baseline 0.007 -40"><span class='ocrx_word' id='word_1_133' title='bbox 108 1701 162 1746; x_wconf 83' lang='lat' dir='ltr'>ere</span> <span class='ocrx_word' id='word_1_134' title='bbox 185 1679 284 1764; x_wconf 87' lang='lat' dir='ltr'>duem</span> <span class='ocrx_word' id='word_1_135' title='bbox 306 1702 452 1748; x_wconf 80' lang='lat' dir='ltr'>emor-um</span> <span class='ocrx_word' id='word_1_136' title='bbox 474 1701 606 1748; x_wconf 83' lang='lat' dir='ltr'>suorum</span> <span class='ocrx_word' id='word_1_137' title='bbox 627 1679 712 1748; x_wconf 82' lang='lat' dir='ltr'>huno</span> <span class='ocrx_word' id='word_1_138' title='bbox 731 1679 855 1765; x_wconf 77' lang='lat' dir='ltr'>dixerit,</span> <span class='ocrx_word' id='word_1_139' title='bbox 873 1679 947 1785; x_wconf 75' lang='lat' dir='ltr'>ipse</span> <span class='ocrx_word' id='word_1_140' title='bbox 964 1684 1071 1748; x_wconf 85' lang='lat' dir='ltr'>osten·</span> <span class='ocrx_word' id='word_1_141' title='bbox 1154 1763 1158 1772; x_wconf 27' lang='lat'><strong><em>⁴</em></strong></span> <span class='ocrx_word' id='word_1_142' title='bbox 1273 1681 1279 1772; x_wconf 66' lang='grc' dir='ltr'>ἶ</span> 
     </span>
    </p>
   </div>
   <div class='ocr_carea' id='block_1_5' title="bbox 64 1700 1072 1860">
    <p class='ocr_par' dir='ltr' id='par_1_5' title="bbox 64 1700 1072 1860">
     <span class='ocr_line' id='line_1_19' title="bbox 64 1700 1072 1860; baseline 0.002 -27"><span class='ocrx_word' id='word_1_143' title='bbox 64 1700 119 1834; x_wconf 67' lang='lat' dir='ltr'>dd</span> <span class='ocrx_word' id='word_1_144' title='bbox 164 1768 243 1835; x_wconf 90' lang='lat' dir='ltr'>ordo</span> <span class='ocrx_word' id='word_1_145' title='bbox 263 1773 313 1834; x_wconf 87' lang='lat' dir='ltr'>est</span> <span class='ocrx_word' id='word_1_146' title='bbox 330 1771 452 1836; x_wconf 73' lang='lat' dir='ltr'>autenm</span> <span class='ocrx_word' id='word_1_147' title='bbox 475 1789 545 1855; x_wconf 83' lang='lat' dir='ltr'>age,</span> <span class='ocrx_word' id='word_1_148' title='bbox 567 1768 642 1854; x_wconf 80' lang='lat' dir='ltr'>iem,</span> <span class='ocrx_word' id='word_1_149' title='bbox 663 1790 807 1837; x_wconf 88' lang='lat' dir='ltr'>meorum</span> <span class='ocrx_word' id='word_1_150' title='bbox 825 1769 1072 1860; x_wconf 73' lang='lat' dir='ltr'>inmemorem,</span> 
     </span>
    </p>
   </div>
   <div class='ocr_carea' id='block_1_6' title="bbox 60 1855 1108 2013">
    <p class='ocr_par' dir='ltr' id='par_1_6' title="bbox 60 1855 1108 2013">
     <span class='ocr_line' id='line_1_20' title="bbox 60 1855 352 1924; baseline 0.003 -1"><span class='ocrx_word' id='word_1_151' title='bbox 60 1855 207 1923; x_wconf 79' lang='lat' dir='ltr'>condisce</span> <span class='ocrx_word' id='word_1_152' title='bbox 229 1855 352 1924; x_wconf 87' lang='lat' dir='ltr'>modos.</span> 
     </span>
     <span class='ocr_line' id='line_1_21' title="bbox 473 1941 1108 2013; baseline -0.002 -14"><span class='ocrx_word' id='word_1_153' title='bbox 473 1941 545 1999; x_wconf 75' lang='lat' dir='ltr'>ODE</span> <span class='ocrx_word' id='word_1_154' title='bbox 563 1948 590 2013; x_wconf 77' lang='lat'>4,</span> <span class='ocrx_word' id='word_1_155' title='bbox 611 1948 652 1999; x_wconf 79' lang='lat'>12.</span> <span class='ocrx_word' id='word_1_156' title='bbox 1080 1965 1108 2008; x_wconf 75' lang='grc' dir='ltr'>ιο</span> 
     </span>
    </p>
   </div>
   <div class='ocr_carea' id='block_1_7' title="bbox 58 2049 1107 2578">
    <p class='ocr_par' dir='ltr' id='par_1_7' title="bbox 58 2049 1107 2578">
     <span class='ocr_line' id='line_1_22' title="bbox 123 2049 1070 2138; baseline 0 -21"><span class='ocrx_word' id='word_1_157' title='bbox 123 2049 203 2118; x_wconf 82' lang='lat' dir='ltr'>Ium</span> <span class='ocrx_word' id='word_1_158' title='bbox 241 2050 346 2118; x_wconf 89' lang='lat' dir='ltr'>ueris</span> <span class='ocrx_word' id='word_1_159' title='bbox 384 2051 546 2118; x_wconf 78' lang='lat' dir='ltr'>comites</span> <span class='ocrx_word' id='word_1_160' title='bbox 591 2071 688 2138; x_wconf 81' lang='lat' dir='ltr'>quee</span> <span class='ocrx_word' id='word_1_161' title='bbox 719 2072 822 2118; x_wconf 84' lang='lat' dir='ltr'>mure</span> <span class='ocrx_word' id='word_1_162' title='bbox 851 2053 1070 2138; x_wconf 81' lang='lat' dir='ltr'>temperant</span> 
     </span>
     <span class='ocr_line' id='line_1_23' title="bbox 58 2136 1069 2242; baseline 0.001 -39"><span class='ocrx_word' id='word_1_163' title='bbox 58 2136 254 2242; x_wconf 79' lang='lat' dir='ltr'>inpellunt</span> <span class='ocrx_word' id='word_1_164' title='bbox 290 2138 438 2241; x_wconf 68' lang='lat' dir='ltr'>enimse</span> <span class='ocrx_word' id='word_1_165' title='bbox 474 2138 599 2205; x_wconf 81' lang='lat' dir='ltr'>linteo</span> <span class='ocrx_word' id='word_1_166' title='bbox 634 2137 831 2242; x_wconf 79' lang='lat' dir='ltr'>Threciae.</span> <span class='ocrx_word' id='word_1_167' title='bbox 889 2137 1069 2242; x_wconf 77' lang='lat' dir='ltr'>Uergilium</span> 
     </span>
     <span class='ocr_line' id='line_1_24' title="bbox 59 2225 1068 2403; baseline 0.001 -22"><span class='ocrx_word' id='word_1_168' title='bbox 59 2225 448 2403; x_wconf 52' lang='lat' dir='ltr'>idl&#39;dul‘me&#39;nidmllo</span> <span class='ocrx_word' id='word_1_169' title='bbox 467 2225 1068 2383; x_wconf 48' lang='lat' dir='ltr'>‘ihioulldedlpuiedillffid</span> 
     </span>
     <span class='ocr_line' id='line_1_25' title="bbox 58 2401 1107 2490; baseline 0.001 -23"><span class='ocrx_word' id='word_1_170' title='bbox 58 2403 219 2470; x_wconf 86' lang='lat' dir='ltr'>tissimum</span> <span class='ocrx_word' id='word_1_171' title='bbox 255 2408 306 2470; x_wconf 86' lang='lat' dir='ltr'>est</span> <span class='ocrx_word' id='word_1_172' title='bbox 340 2405 455 2490; x_wconf 76' lang='lat' dir='ltr'>poetis</span> <span class='ocrx_word' id='word_1_173' title='bbox 527 2404 575 2472; x_wconf 89' lang='lat' dir='ltr'>eic</span> <span class='ocrx_word' id='word_1_174' title='bbox 610 2403 746 2490; x_wconf 86' lang='lat' dir='ltr'>denique</span> <span class='ocrx_word' id='word_1_175' title='bbox 781 2401 981 2490; x_wconf 80' lang='lat' dir='ltr'>Uergilius</span> <span class='ocrx_word' id='word_1_176' title='bbox 1021 2403 1107 2470; x_wconf 76' lang='lat' dir='ltr'>cites</span> 
     </span>
     <span class='ocr_line' id='line_1_26' title="bbox 59 2487 1067 2578; baseline 0.002 -21"><span class='ocrx_word' id='word_1_177' title='bbox 59 2487 252 2567; x_wconf 72' lang='lat' dir='ltr'>Quantum</span> <span class='ocrx_word' id='word_1_178' title='bbox 273 2491 383 2578; x_wconf 85' lang='lat' dir='ltr'>ignee</span> <span class='ocrx_word' id='word_1_179' title='bbox 406 2491 634 2577; x_wconf 77' lang='lat' dir='ltr'>animaeque</span> <span class='ocrx_word' id='word_1_180' title='bbox 657 2493 799 2558; x_wconf 79' lang='lat' dir='ltr'>uolent</span> <span class='ocrx_word' id='word_1_181' title='bbox 857 2491 878 2557; x_wconf 88' lang='grc'>3</span> <span class='ocrx_word' id='word_1_182' title='bbox 901 2491 976 2558; x_wconf 84' lang='lat' dir='ltr'>ium</span> <span class='ocrx_word' id='word_1_183' title='bbox 997 2513 1067 2560; x_wconf 85' lang='lat' dir='ltr'>nec</span> 
     </span>
    </p>
   </div>
   <div class='ocr_carea' id='block_1_8' title="bbox 1265 1115 1303 1213">
    <p class='ocr_par' dir='ltr' id='par_1_8' title="bbox 1265 1115 1303 1213">
     <span class='ocr_line' id='line_1_27' title="bbox 1265 1115 1303 1213; baseline 0.184 -7"><span class='ocrx_word' id='word_1_184' title='bbox 1265 1115 1303 1213; x_wconf 50' lang='grc' dir='ltr'>ΥΞ</span> 
     </span>
    </p>
   </div>
   <div class='ocr_carea' id='block_1_9' title="bbox 57 2545 1294 2668">
    <p class='ocr_par' dir='ltr' id='par_1_9' title="bbox 57 2545 1294 2668">
     <span class='ocr_line' id='line_1_28' title="bbox 57 2545 1294 2668; baseline -0.006 -23"><span class='ocrx_word' id='word_1_185' title='bbox 57 2585 167 2663; x_wconf 83' lang='lat' dir='ltr'>prete</span> <span class='ocrx_word' id='word_1_186' title='bbox 197 2579 329 2668; x_wconf 80' lang='lat' dir='ltr'>rigent</span> <span class='ocrx_word' id='word_1_187' title='bbox 355 2602 425 2648; x_wconf 89' lang='lat' dir='ltr'>uec</span> <span class='ocrx_word' id='word_1_188' title='bbox 454 2580 571 2647; x_wconf 81' lang='lat' dir='ltr'>fluuii</span> <span class='ocrx_word' id='word_1_189' title='bbox 593 2582 773 2667; x_wconf 85' lang='lat' dir='ltr'>strepunt</span> <span class='ocrx_word' id='word_1_190' title='bbox 793 2577 955 2646; x_wconf 78' lang='lat' dir='ltr'>hiberno</span> <span class='ocrx_word' id='word_1_191' title='bbox 976 2580 1066 2651; x_wconf 86' lang='lat' dir='ltr'>niue</span> <span class='ocrx_word' id='word_1_192' title='bbox 1122 2613 1126 2620; x_wconf 93' lang='lat'><em>·</em></span> <span class='ocrx_word' id='word_1_193' title='bbox 1201 2583 1220 2640; x_wconf 82' lang='grc'>’.</span> <span class='ocrx_word' id='word_1_194' title='bbox 1289 2545 1294 2620; x_wconf 41' lang='lat'>&#39;-</span> 
     </span>
    </p>
   </div>
   <div class='ocr_carea' id='block_1_10' title="bbox 56 2668 1128 2758">
    <p class='ocr_par' dir='ltr' id='par_1_10' title="bbox 56 2668 1128 2758">
     <span class='ocr_line' id='line_1_29' title="bbox 56 2668 1128 2758; baseline 0.005 -27"><span class='ocrx_word' id='word_1_195' title='bbox 56 2668 214 2757; x_wconf 79' lang='lat' dir='ltr'>turgidi</span> <span class='ocrx_word' id='word_1_196' title='bbox 267 2669 366 2758; x_wconf 87' lang='lat' dir='ltr'>cdqui</span> <span class='ocrx_word' id='word_1_197' title='bbox 397 2670 482 2736; x_wconf 85' lang='lat' dir='ltr'>ueris</span> <span class='ocrx_word' id='word_1_198' title='bbox 513 2673 579 2736; x_wconf 88' lang='lat' dir='ltr'>tem</span> <span class='ocrx_word' id='word_1_199' title='bbox 603 2690 658 2738; x_wconf 88' lang='lat' dir='ltr'>orc</span> <span class='ocrx_word' id='word_1_200' title='bbox 682 2669 900 2736; x_wconf 84' lang='lat' dir='ltr'>intumescere</span> <span class='ocrx_word' id='word_1_201' title='bbox 932 2669 1066 2736; x_wconf 83' lang='lat' dir='ltr'>flumine</span> <span class='ocrx_word' id='word_1_202' title='bbox 1123 2713 1128 2720; x_wconf 94' lang='lat'>-</span> 
     </span>
    </p>
   </div>
   <div class='ocr_carea' id='block_1_11' title="bbox 56 2753 1104 3116">
    <p class='ocr_par' dir='ltr' id='par_1_11' title="bbox 56 2753 1104 3116">
     <span class='ocr_line' id='line_1_30' title="bbox 56 2753 1065 2846; baseline 0.002 -22"><span class='ocrx_word' id='word_1_203' title='bbox 56 2753 228 2845; x_wconf 87' lang='lat' dir='ltr'>incipiunt:</span> <span class='ocrx_word' id='word_1_204' title='bbox 252 2758 316 2827; x_wconf 91' lang='lat' dir='ltr'>nisi</span> <span class='ocrx_word' id='word_1_205' title='bbox 337 2761 359 2844; x_wconf 92' lang='lat'>†</span> <span class='ocrx_word' id='word_1_206' title='bbox 381 2757 535 2826; x_wconf 85' lang='lat' dir='ltr'>celelenis</span> <span class='ocrx_word' id='word_1_207' title='bbox 595 2758 699 2825; x_wconf 89' lang='lat' dir='ltr'>ultum</span> <span class='ocrx_word' id='word_1_208' title='bbox 729 2757 795 2825; x_wconf 85' lang='lat' dir='ltr'>iem</span> <span class='ocrx_word' id='word_1_209' title='bbox 825 2757 912 2826; x_wconf 87' lang='lat' dir='ltr'>ueris</span> <span class='ocrx_word' id='word_1_210' title='bbox 938 2761 1065 2846; x_wconf 79' lang='lat' dir='ltr'>tempus</span> 
     </span>
     <span class='ocr_line' id='line_1_31' title="bbox 56 2847 1104 2938; baseline 0 -28"><span class='ocrx_word' id='word_1_211' title='bbox 56 2847 126 2914; x_wconf 85' lang='lat' dir='ltr'>uult</span> <span class='ocrx_word' id='word_1_212' title='bbox 147 2848 303 2938; x_wconf 78' lang='lat' dir='ltr'>intellegi,</span> <span class='ocrx_word' id='word_1_213' title='bbox 326 2849 480 2936; x_wconf 81' lang='lat' dir='ltr'>quonium</span> <span class='ocrx_word' id='word_1_214' title='bbox 503 2847 559 2914; x_wconf 89' lang='lat' dir='ltr'>nix</span> <span class='ocrx_word' id='word_1_215' title='bbox 582 2847 688 2914; x_wconf 89' lang='lat' dir='ltr'>omnis</span> <span class='ocrx_word' id='word_1_216' title='bbox 710 2848 821 2934; x_wconf 81' lang='lat' dir='ltr'>elepse</span> <span class='ocrx_word' id='word_1_217' title='bbox 838 2851 896 2916; x_wconf 77' lang='lat' dir='ltr'>est</span> <span class='ocrx_word' id='word_1_218' title='bbox 962 2847 1104 2915; x_wconf 80' lang='lat' dir='ltr'>5ni·eo</span> 
     </span>
     <span class='ocr_line' id='line_1_32' title="bbox 58 2933 1065 3026; baseline 0.007 -27"><span class='ocrx_word' id='word_1_219' title='bbox 58 2933 140 3004; x_wconf 89' lang='lat' dir='ltr'>dum</span> <span class='ocrx_word' id='word_1_220' title='bbox 184 2939 298 3024; x_wconf 87' lang='lat' dir='ltr'>pouit</span> <span class='ocrx_word' id='word_1_221' title='bbox 347 2937 438 3026; x_wconf 79' lang='lat' dir='ltr'>Ityn</span> <span class='ocrx_word' id='word_1_222' title='bbox 485 2936 681 3005; x_wconf 80' lang='lat' dir='ltr'>flebiliter</span> <span class='ocrx_word' id='word_1_223' title='bbox 732 2957 887 3026; x_wconf 81' lang='lat' dir='ltr'>gemeus</span> <span class='ocrx_word' id='word_1_224' title='bbox 925 2936 1065 3006; x_wconf 84' lang='lat' dir='ltr'>iuiclix</span> 
     </span>
     <span class='ocr_line' id='line_1_33' title="bbox 56 3025 985 3116; baseline 0.004 -27"><span class='ocrx_word' id='word_1_225' title='bbox 56 3025 146 3094; x_wconf 80' lang='lat' dir='ltr'>cuis.</span> <span class='ocrx_word' id='word_1_226' title='bbox 191 3025 338 3098; x_wconf 89' lang='lat' dir='ltr'>Procnen</span> <span class='ocrx_word' id='word_1_227' title='bbox 361 3047 398 3094; x_wconf 87' lang='lat' dir='ltr'>uc</span> <span class='ocrx_word' id='word_1_228' title='bbox 420 3048 479 3115; x_wconf 92' lang='lat' dir='ltr'>per</span> <span class='ocrx_word' id='word_1_229' title='bbox 499 3026 563 3094; x_wconf 90' lang='lat' dir='ltr'>hoc</span> <span class='ocrx_word' id='word_1_230' title='bbox 584 3026 790 3094; x_wconf 86' lang='lat' dir='ltr'>hirundinem</span> <span class='ocrx_word' id='word_1_231' title='bbox 813 3025 985 3116; x_wconf 80' lang='lat' dir='ltr'>significet</span> 
     </span>
    </p>
   </div>
   <div class='ocr_carea' id='block_1_12' title="bbox 123 3189 359 3257">
    <p class='ocr_par' dir='ltr' id='par_1_12' title="bbox 123 3189 359 3257">
     <span class='ocr_line' id='line_1_34' title="bbox 123 3189 359 3257; baseline 0 -15"><span class='ocrx_word' id='word_1_232' title='bbox 123 3191 158 3244; x_wconf 83' lang='lat' dir='ltr'>ec</span> <span class='ocrx_word' id='word_1_233' title='bbox 175 3189 244 3244; x_wconf 71' lang='lat' dir='ltr'>cen</span> <span class='ocrx_word' id='word_1_234' title='bbox 262 3193 288 3257; x_wconf 83' lang='lat' dir='ltr'>e,</span> <span class='ocrx_word' id='word_1_235' title='bbox 307 3191 359 3243; x_wconf 75' lang='lat' dir='ltr'>coc</span> 
     </span>
    </p>
   </div>
   <div class='ocr_carea' id='block_1_13' title="bbox 123 3285 1306 3400">
    <p class='ocr_par' dir='ltr' id='par_1_13' title="bbox 123 3285 1306 3400">
     <span class='ocr_line' id='line_1_35' title="bbox 123 3285 1306 3400; baseline 0.003 -18"><span class='ocrx_word' id='word_1_236' title='bbox 123 3285 280 3385; x_wconf 26' lang='lat' dir='ltr'>tieletum.</span> <span class='ocrx_word' id='word_1_237' title='bbox 293 3327 331 3383; x_wconf 80' lang='grc' dir='ltr'><em>Μ</em></span> <span class='ocrx_word' id='word_1_238' title='bbox 413 3327 527 3386; x_wconf 73' lang='lat' dir='ltr'>tuelle</span> <span class='ocrx_word' id='word_1_239' title='bbox 546 3328 586 3386; x_wconf 73' lang='lat' dir='ltr'>u</span> <span class='ocrx_word' id='word_1_240' title='bbox 718 3329 777 3386; x_wconf 76' lang='lat' dir='ltr'>tum</span> <span class='ocrx_word' id='word_1_241' title='bbox 795 3325 950 3400; x_wconf 83' lang='lat' dir='ltr'>conpedem</span> <span class='ocrx_word' id='word_1_242' title='bbox 968 3325 1063 3399; x_wconf 73' lang='lat' dir='ltr'>Pauly</span> <span class='ocrx_word' id='word_1_243' title='bbox 1197 3367 1201 3374; x_wconf 84' lang='lat'><em>-</em></span> <span class='ocrx_word' id='word_1_244' title='bbox 1305 3379 1306 3386; x_wconf 72' lang='grc'>,</span> 
     </span>
    </p>
   </div>
   <div class='ocr_carea' id='block_1_14' title="bbox 55 3397 1063 3540">
    <p class='ocr_par' dir='ltr' id='par_1_14' title="bbox 55 3397 1063 3540">
     <span class='ocr_line' id='line_1_36' title="bbox 124 3397 1061 3470; baseline 0 -16"><span class='ocrx_word' id='word_1_245' title='bbox 124 3398 314 3455; x_wconf 75' lang='lat' dir='ltr'>tlthcndi</span> <span class='ocrx_word' id='word_1_246' title='bbox 373 3399 640 3458; x_wconf 67' lang='lat' dir='ltr'>tindhoutudb</span> <span class='ocrx_word' id='word_1_247' title='bbox 680 3397 902 3456; x_wconf 81' lang='lat' dir='ltr'>eroeloutndd</span> <span class='ocrx_word' id='word_1_248' title='bbox 956 3405 987 3454; x_wconf 81' lang='lat'>11</span> <span class='ocrx_word' id='word_1_249' title='bbox 1010 3415 1061 3470; x_wconf 88' lang='lat' dir='ltr'>pu·</span> 
     </span>
     <span class='ocr_line' id='line_1_37' title="bbox 55 3465 1063 3540; baseline 0.003 -19"><span class='ocrx_word' id='word_1_250' title='bbox 55 3465 149 3524; x_wconf 75' lang='lat' dir='ltr'>tendor</span> <span class='ocrx_word' id='word_1_251' title='bbox 199 3467 285 3526; x_wconf 89' lang='lat' dir='ltr'>ceudo</span> <span class='ocrx_word' id='word_1_252' title='bbox 306 3466 344 3524; x_wconf 83' lang='lat' dir='ltr'>dl</span> <span class='ocrx_word' id='word_1_253' title='bbox 414 3468 611 3527; x_wconf 69' lang='lat' dir='ltr'>currenni!</span> <span class='ocrx_word' id='word_1_254' title='bbox 680 3477 713 3528; x_wconf 77' lang='lat'>18</span> <span class='ocrx_word' id='word_1_255' title='bbox 735 3468 873 3540; x_wconf 81' lang='lat' dir='ltr'>possistc</span> <span class='ocrx_word' id='word_1_256' title='bbox 891 3470 1063 3540; x_wconf 73' lang='lat' dir='ltr'>eccepoent</span> 
     </span>
    </p>
   </div>
   <div class='ocr_carea' id='block_1_15' title="bbox 56 3537 1299 3634">
    <p class='ocr_par' dir='ltr' id='par_1_15' title="bbox 56 3537 1299 3634">
     <span class='ocr_line' id='line_1_38' title="bbox 56 3537 1299 3634; baseline 0.006 -41"><span class='ocrx_word' id='word_1_257' title='bbox 56 3537 137 3616; x_wconf 67' lang='lat' dir='ltr'>cell</span> <span class='ocrx_word' id='word_1_258' title='bbox 207 3539 554 3598; x_wconf 69' lang='lat' dir='ltr'>unanimseeecnnsdi</span> <span class='ocrx_word' id='word_1_259' title='bbox 604 3538 867 3598; x_wconf 66' lang='lat' dir='ltr'>ecdicerecddidc&#39;</span> <span class='ocrx_word' id='word_1_260' title='bbox 917 3545 1064 3634; x_wconf 27' lang='lat' dir='ltr'>coquom.</span> <span class='ocrx_word' id='word_1_261' title='bbox 1198 3575 1209 3590; x_wconf 87' lang='lat'><em>.</em></span> <span class='ocrx_word' id='word_1_262' title='bbox 1293 3607 1299 3620; x_wconf 56' lang='grc'>,</span> 
     </span>
    </p>
   </div>
   <div class='ocr_carea' id='block_1_16' title="bbox 55 3610 815 3706">
    <p class='ocr_par' dir='ltr' id='par_1_16' title="bbox 55 3610 815 3706">
     <span class='ocr_line' id='line_1_39' title="bbox 55 3610 815 3706; baseline 0.008 -45"><span class='ocrx_word' id='word_1_263' title='bbox 55 3619 110 3661; x_wconf 78' lang='lat' dir='ltr'>rem</span> <span class='ocrx_word' id='word_1_264' title='bbox 126 3635 160 3650; x_wconf 94' lang='lat'>-</span> <span class='ocrx_word' id='word_1_265' title='bbox 179 3612 262 3706; x_wconf 29' lang='lat' dir='ltr'>eet—e.</span> <span class='ocrx_word' id='word_1_266' title='bbox 280 3612 299 3667; x_wconf 89' lang='lat' dir='ltr'>l.</span> <span class='ocrx_word' id='word_1_267' title='bbox 316 3627 352 3666; x_wconf 75' lang='lat' dir='ltr'>sc.</span> <span class='ocrx_word' id='word_1_268' title='bbox 370 3616 396 3668; x_wconf 85' lang='lat'>1.</span> <span class='ocrx_word' id='word_1_269' title='bbox 413 3611 447 3666; x_wconf 82' lang='lat' dir='ltr'>io</span> <span class='ocrx_word' id='word_1_270' title='bbox 464 3611 504 3668; x_wconf 79' lang='lat' dir='ltr'><strong><em>M</em></strong></span> <span class='ocrx_word' id='word_1_271' title='bbox 572 3617 607 3668; x_wconf 74' lang='lat'>81</span> <span class='ocrx_word' id='word_1_272' title='bbox 626 3611 759 3669; x_wconf 82' lang='lat' dir='ltr'>fleurhter</span> <span class='ocrx_word' id='word_1_273' title='bbox 775 3610 815 3667; x_wconf 77' lang='lat' dir='ltr'><strong><em>M</em></strong></span> 
     </span>
    </p>
   </div>
   <div class='ocr_carea' id='block_1_17' title="bbox 0 0 1340 4108">
    <p class='ocr_par' dir='ltr' id='par_1_17' title="bbox 0 0 1340 4108">
     <span class='ocr_line' id='line_1_40' title="bbox 0 0 1340 4108; baseline 0 3"><span class='ocrx_word' id='word_1_274' title='bbox 0 0 1340 4108; x_wconf 95' lang='lat' dir='ltr'> </span> 
     </span>
    </p>
   </div>
  </div>
 </body>
</html>
