2644 3844
399 120 580 180 mutuus
596 121 619 192 1,
638 127 681 192 rr,
699 125 815 180 uo-se.
1043 117 1113 186 291
1284 2 1300 182 ι

192 287 236 354 20
258 307 375 372 equos
397 291 438 352 ut
459 305 515 352 me
542 287 673 372 portet
699 285 780 350 elnt
800 305 876 350 rex.
918 282 996 351 hino
1026 269 1113 366 παρ-

101 369 419 533 g‘iiiziuliiumiceoig
442 367 1113 546 wlgngossggsssgsdlitxtstvplztolgt·mp3

100 552 264 622 humiliter
287 571 448 619 scurror.
501 551 543 618 21
564 571 694 618 uerum
712 550 828 616 dente
845 549 978 617 minor.
1008 569 1113 635 quen·

99 641 231 727 tumuis,
252 639 373 727 inquit,
400 638 486 726 quod
514 639 632 727 eooipis
654 659 791 726 paruum
814 639 870 724 sit,
898 637 1054 704 minorem
1076 643 1139 703 ess

100 730 181 798 ineis
203 733 314 797 temen
337 727 378 796 eb
402 748 450 816 eo,
473 727 528 815 qui
550 728 610 794 tibi
630 727 777 815 porrigit.
813 726 898 814 quod
917 727 946 794 si
963 731 1021 812 est,
1041 747 1112 793 non

101 843 136 887 es
157 819 279 886 nullius
302 839 410 906 egens,
432 815 520 904 quod
541 817 611 902 ipse
634 816 730 892 dete
749 815 861 883 instes
919 815 963 882 23
985 815 1112 884 omnis

20 993 21 996 Ἴ
100 907 352 995 Aristippum.
400 906 513 973 dieunt
539 905 713 973 Plutonem
744 905 807 972 hoo
838 905 884 972 ad
907 904 1111 990 Aristippum

101 995 233 1082 dixisse,
259 1017 332 1064 oum
359 995 451 1062 illum
478 993 673 1084 naufragum
701 993 837 1062 uidisset
862 993 897 1061 in
918 993 1047 1080 pennis,
1066 981 1113 1058 Ὦ

97 1079 295 1173 Ἀρίστιππε,
317 1081 425 1152 πάντα
447 1101 502 1151 σοι
524 1082 649 1171 πρέπει.
715 1085 760 1152 24
781 1082 1053 1171 praesentibus
1075 1081 1112 1148 id
1125 1101 1153 1143 ro

101 1180 166 1242 est:
188 1175 298 1262 pernis
321 1195 359 1240 eo
381 1193 463 1260 quse
485 1176 615 1260 preesto
638 1193 707 1240 esse
728 1178 875 1260 possunt,
895 1185 966 1251 rote
986 1171 1113 1258 παροῦ·

100 1281 167 1332 σιν.
217 1281 391 1350 eequum:
418 1263 644 1349 sequnnimum
671 1267 706 1329 et
725 1263 912 1347 potientem.
977 1259 1022 1328 25
1044 1259 1113 1326 dn·

99 1353 195 1440 plici
221 1373 364 1440 penno:
391 1351 450 1418 nili
478 1356 582 1438 ueste,
605 1373 700 1440 quem
721 1351 894 1438 diploidem
917 1354 1040 1418 ueteres
1062 1349 1112 1416 di·

99 1447 223 1510 xenmt
285 1440 330 1510 25
353 1441 547 1530 patientie
569 1442 684 1509 uelut.
729 1441 1007 1528 αἰνιγματοποιία.
1064 1439 1111 1506 26

99 1531 269 1598 mirebor
294 1531 399 1597 uitne
426 1532 498 1598 uin
542 1531 661 1598 mirum
688 1534 751 1614 est,
777 1530 898 1617 inquit,
924 1529 953 1596 si
984 1527 1151 1596 deeebitrs

99 1619 252 1704 splendor
278 1618 442 1687 hominem
472 1620 641 1686 sdenetum
673 1618 810 1686 sordidis
841 1619 951 1704 rebus,
982 1640 1019 1684 ee
1049 1637 1111 1702 per

98 1708 174 1774 hoo:
196 1729 265 1775 non
287 1707 421 1776 decebit.
509 1709 551 1774 27
582 1707 682 1774 ulter
703 1728 935 1794 purpureum
956 1727 1032 1773 uon
1054 1726 1110 1772 ex.

98 1796 152 1863 ille
171 1795 301 1884 scilieet,
324 1798 380 1884 qui
397 1801 567 1884 unumque
587 1794 736 1863 hobitum
758 1795 963 1864 eomueuerie
978 1815 1111 1878 sumere

98 1890 136 1950 ut
157 1885 356 1972 Aristippus.
423 1885 467 1950 30
494 1885 596 1951 ulter
621 1883 749 1952 Mileti
775 1887 920 1951 tentem
946 1905 972 1950 c.
1000 1906 1031 1970 p.
1054 1883 1111 1966 qui

98 1995 207 2127 plenus
234 1973 354 2058 duplioi
381 1972 515 2059 tegitur,
540 1975 579 2039 ut
600 1969 741 2059 Cynicus
768 1971 932 2058 Diogenes
959 1971 1153 2056 diploidem

138 2061 226 2129 ileti
247 2067 392 2128 tentam
415 2082 441 2127 c.
463 2083 494 2147 p.
538 2062 652 2127 lnnees
670 2065 777 2128 uestes
790 2059 935 2140 Milesiae
948 2059 1110 2148 pretiosae

100 2155 186 2217 sunt
266 2150 311 2218 30
338 2171 431 2218 eene
458 2148 567 2237 peius
594 2156 632 2216 et
658 2170 782 2237 ungue
808 2149 962 2218 nitebit
1005 2149 1110 2215 tacete

97 2239 226 2307 loeutus
244 2243 295 2306 est
311 2237 535 2306 in'stultitinm
555 2238 706 2324 hominis,
728 2239 783 2325 qui
796 2239 972 2326 pretiosum
984 2241 1111 2305 uestem

97 2348 164 2394 non
187 2327 252 2394 iem
271 2327 433 2414 despieere
447 2327 503 2394 sed
516 2326 630 2394 timere
643 2327 800 2395 uidentur.
855 2327 896 2396 31
922 2327 1111 2395 morietur

96 2416 253 2504 frigore.
289 2417 444 2483 morietur
456 2415 539 2502 ideo,
556 2417 671 2504 inquit,
688 2419 764 2501 perio
781 2417 893 2484 uestiri
909 2417 975 2484 nisi
991 2417 1108 2484 misere
1122 2437 1153 2480 ss

97 2525 166 2571 non
182 2507 300 2589 potest
354 2505 397 2571 32
413 2505 522 2572 refer
545 2510 583 2572 et
604 2505 687 2571 sine
709 2505 820 2572 uiuet
836 2507 884 2572 in.
914 2506 951 2572 in
964 2505 1109 2572 stultum.

96 2598 206 2660 totum·
228 2593 345 2678 laceo,
371 2594 520 2680 quemuis
547 2593 674 2660 dicetur
699 2615 768 2661 non
789 2594 851 2662 hoe
872 2593 954 2681 tingi
976 2594 1017 2661 eb
1038 2592 1109 2662 Ho-

97 2682 193 2767 retio,
225 2682 282 2749 sed
313 2703 389 2750 nere
416 2682 621 2768 Aristippum
647 2681 788 2770 Diogeni
820 2682 977 2751 subducto
1006 2683 1108 2768 pullio

97 2769 302 2857 chlamydem
325 2771 533 2856 subposuisse
550 2792 756 2856 purpuream.
817 2771 860 2838 33
882 2791 944 2837 res
966 2792 1109 2858 gerere.

96 2857 199 2925 deest:
230 2879 377 2946 mugnus.
435 2859 491 2926 sed
521 2858 584 2927 hoo
615 2859 762 2946 exemplo
793 2859 936 2927 ostendit
965 2881 1045 2945 non,
1077 2860 1153 2926 sino

97 2949 204 3011 tntum
228 2947 272 3013 sit
294 2948 466 3034 quiescere,
488 2946 618 3030 ideireo
628 2950 662 3012 et
683 2947 861 3034 gloriosum
882 2947 994 3034 uideri,
1015 2968 1109 3034 pree-

95 3183 117 3248 ἂ
166 3122 373 3178 tuen-unii!
431 3120 656 3192 opertnumM
716 3121 1027 3206 oeesAuonestM·
1071 3129 1108 3179 10

95 3189 353 3342 ..lffllffl
389 3191 1108 3342 ¹¹1t.ttt.tttt‘¹¹¹·¹teltt·u⁰ttlll

94 3329 134 3381 M
195 3337 228 3384 lo
246 3328 304 3385 fids
322 3331 493 3387 dsoebrtM
533 3339 587 3414 'rt
605 3333 678 3416 exile
696 3332 736 3387 Μ
797 3339 831 3389 19
849 3331 1104 3414 mullsldrtextnnu

92 3409 126 3513 ξι
140 3396 450 3523 &mutemini
466 3535 472 3548 ·
492 3401 720 3526 qaeoarffl‘deo
730 3407 907 3541 iiqffifflllcz'
920 3402 1110 3543 graegem

89 3535 336 3654 ...serr
386 3539 871 3677 r...
892 3546 927 3599 ²⁸
945 3542 1105 3614 s...

830 3695 887 3750 10'
