2708 3842
411 55 533 115 sunno
567 57 634 128 ru,
651 60 765 114 eo-rr.
875 139 876 144 Ν
1032 55 1096 124 193
1194 129 1196 134 ,
1274 1 1276 4 ¹

154 219 299 287 Audire
319 222 378 287 est
395 241 538 305 operae
556 219 737 305 pretium,
755 217 962 305 procedere
980 225 1087 290 recte
1197 233 1200 242 ⁴

165 308 229 396 qui
260 329 338 376 rem
370 307 580 390 Romanum
611 306 843 395 Latiumque
874 327 1085 394 augescere
1196 351 1198 356 ·

397 397 530 463 uultis.

74 486 132 554 sed
149 485 229 554 illud
247 486 410 570 urbanius,
433 485 528 572 quod,
551 506 625 553 cunr
646 483 799 553 Ennius
821 485 942 553 uultis
963 485 1087 576 dixerit,
1183 485 1188 494 '

73 577 225 645 hicnon
247 575 370 643 uultis
393 575 546 643 intulerit
634 575 678 643 39
705 578 824 663 utque
850 574 934 642 illis
963 577 1116 646 multoe

74 669 258 753 corrupto
284 665 416 734 dolore
443 665 628 751 uoluptas
656 669 773 753 etque
799 664 893 732 haec
915 687 1004 732 rare
1025 688 1086 734 ca·

73 756 140 823 dat
161 755 257 822 dura
273 755 379 823 inter
397 775 511 842 saepe
531 756 716 843 pericula
747 755 863 822 meritc
881 754 943 822 hoc
961 755 1087 844 dicitur,
1138 763 1144 774 ’

73 867 147 913 cum
169 845 322 912 adulteris
345 849 379 912 et
400 867 473 913 roro
494 845 664 933 continget
677 843 866 913 concubitus
880 866 990 911 eorum
1004 867 1084 932 quas

72 938 250 1018 sectantur,
282 940 315 1000 et
344 935 415 1020 ipso
447 938 535 1000 metu
566 935 700 1020 periculi
731 955 797 1000 non
824 934 981 1000 sinceram
1010 934 1084 1001 inde

71 1022 271 1110 uoluptatem
292 1023 481 1110 percipiant
546 1024 588 1090 41
617 1023 684 1090 ille
711 1021 888 1111 flagellis
918 1022 964 1090 ad
987 1045 1126 1091 mor-ro

72 1117 149 1180 tem
171 1134 319 1180 caesus.
363 1113 425 1180 hoc
448 1113 488 1181 de
510 1111 591 1180 Gaio
610 1111 763 1180 Sallustio
786 1113 914 1179 uidetur
935 1112 1007 1201 dici,
1029 1113 1084 1201 qui

73 1201 291 1288 deprehensus
324 1203 366 1268 ab
397 1201 507 1268 Annio
540 1199 660 1268 Milone
691 1203 727 1267 in
757 1201 915 1268 adulterio
945 1201 1084 1269 Faustae

72 1287 181 1378 Syllae
203 1289 319 1356 Felicia
341 1290 426 1357 lilius
448 1290 558 1358 uxoris
580 1277 649 1357 'eius
672 1289 809 1378 flagellis
832 1311 943 1357 caeam
966 1294 1024 1357 est

71 1382 116 1447 43
143 1379 250 1446 dedit
279 1379 344 1446 hic
370 1400 440 1466 pro
463 1401 629 1466 corpore
650 1401 839 1447 nummos:
869 1401 911 1446 ne
933 1382 1031 1446 testes
1053 1379 1083 1446 ei

72 1468 345 1553 abscinderentur,
367 1489 506 1553 poenum
528 1468 664 1553 pecnnia
685 1468 830 1534 redemit
909 1468 953 1534 44
981 1467 1082 1534 hunc
1096 1489 1123 1534 rs

70 1554 1083 1714 {titl‘tltd{22³⁶2·„1tt{:²²{ttl¹²td⁰{dds

71 1761 91 1805 a
128 1668 264 1804 calonio
299 1735 361 1804 hoc
397 1741 448 1804 eet
483 1737 570 1824 qnod
601 1741 758 1805 nocentur
788 1737 829 1804 ad
860 1734 1082 1803 ministerium.

70 1825 255 1894 nonnulli
277 1847 298 1893 a
320 1825 466 1893 kalendis
488 1829 613 1912 putent,
635 1827 721 1912 quod
744 1824 1082 1893 eudiocibariaocci·
1116 1817 1125 1829 ’
1165 1895 1167 1900 ,
1272 1929 1276 1936 1
1309 1866 1312 1876 ·
1343 1823 1344 1918 J

70 1915 171 2001 piant
260 1917 304 1982 44
332 1915 424 2002 quin
451 1915 569 1982 etiam
595 1915 694 1983 illud
721 1914 864 1983 accidit
890 1919 923 1981 et
950 1913 1122 2001 reliquant

70 2005 107 2070 in
142 2004 299 2070 adulterio
335 2003 542 2090 deprehensis
578 2005 626 2070 ait
657 2004 817 2071 interdum
850 2003 1008 2088 euenisse,
1044 2006 1082 2069 ut

71 2093 218 2163 uirilibus
241 2093 416 2182 amputatis
439 2092 685 2162 dimitterentur.
773 2094 817 2162 46
844 2092 927 2160 iure
950 2113 1080 2160 omnes

71 2184 193 2253 Galba
219 2185 397 2273 negabat
447 2185 626 2274 negabat
678 2183 932 2254 subaudiendum
954 2183 1080 2252 hicex·

69 2276 242 2342 trinsecus:
265 2275 387 2341 fectum
411 2274 568 2343 dicebant
603 2281 654 2344 est
675 2277 761 2344 enim
783 2278 888 2342 totum
910 2275 988 2341 tole:
1011 2273 1079 2341 iure
1173 2275 1175 2280 ’
1210 2331 1211 2334 ,
1265 2291 1282 2385 ἰ
1343 2227 1344 2234 i

71 2386 182 2431 omnes
204 2363 327 2431 iactrrm
350 2363 509 2452 dicebant,
531 2363 637 2433 Gelba
659 2369 767 2434 autem
789 2364 940 2452 negabat
972 2383 1119 2433 morere

70 2457 178 2520 sutem
211 2451 360 2520 Seruium
391 2451 529 2521 Galbam
559 2454 639 2522 iuris
670 2456 853 2522 consultum
883 2451 1080 2540 perstrinxit,

70 2542 162 2629 quasi
184 2546 298 2609 contra
318 2541 527 2610 menifestum
544 2543 596 2611 ius
614 2566 673 2629 pro
692 2542 845 2611 adulteris
864 2541 1078 2629 responderet,
1094 2557 1098 2564 ’

70 2630 474 2717 quiaipseadulteresset
534 2634 577 2698 47
601 2632 726 2700 tutior
747 2637 786 2699 st
808 2635 953 2718 quanto
975 2651 1078 2696 merx

69 2723 129 2786 est
158 2719 199 2786 in
229 2719 356 2790 classe
384 2719 555 2789 secunda
581 2721 856 2789 libertinarum
883 2719 969 2788 dico
997 2717 1078 2787 Sal·
1196 2727 1199 2734 “

68 2809 214 2877 Iustius
246 2809 286 2877 in
316 2833 411 2899 quus
442 2831 518 2877 non
545 2811 671 2878 minus
697 2810 848 2878 insanit
874 2831 985 2896 quem
1012 2807 1119 2896 quise

68 2899 299 2968 moechatur.
344 2895 391 2967 ait
416 2899 520 2967 multo
543 2899 671 2985 quidem
693 2900 795 2967 tutius
818 2920 889 2966 esse
909 2898 1077 2966 libertinus
1178 2963 1181 2968 ,
1278 2858 1313 2907 ’ἶ

68 2987 263 3056 conditionis
290 2988 439 3056 mulieres
466 2987 596 3074 sectari3
628 3010 709 3076 quas
735 2994 846 3057 tamen
872 2986 901 3055 si
932 2987 1077 3074 cupidius
1114 2987 1117 2994 ’

141 3154 155 3203 1
174 3162 258 3218 opere
276 3147 364 3216 fitium
383 3145 422 3201 M
521 3150 587 3204 oet
604 3161 667 3202 raro
684 3161 749 3204 ooo:
771 3149 804 3204 ut
821 3161 884 3202 raro
904 3146 943 3202 M
1044 3149 1075 3201 12

68 3217 141 3291 oylle
156 3245 163 3263 ·
176 3217 258 3274 felice
276 3215 331 3272 filu
349 3217 387 3292 (re
404 3227 474 3274 corr.
492 3235 528 3274 m.
546 3219 586 3288 2.)
605 3217 644 3273 Μ
712 3235 792 3275 cesus
806 3217 845 3274 M
916 3223 950 3274 14
966 3217 1022 3274 hoo
1041 3215 1079 3272 M

142 3295 175 3346 lt
213 3305 295 3347 enam
314 3286 353 3343 M
423 3295 456 3345 16
474 3290 675 3361 strupaueruut
692 3289 732 3345 M
801 3294 834 3346 18
852 3289 964 3346 uocdsur
981 3287 1020 3344 M

68 3365 102 3417 21
121 3361 177 3417 sdu
206 3363 277 3417 tono
296 3359 335 3415 M
413 3359 467 3417 aits
485 3361 537 3417 aut
554 3361 593 3417 M
662 3366 696 3416 22
715 3359 858 3434 deputatis
876 3361 933 3431 (am
950 3377 973 3416 c.
990 3360 1021 3432 l.)
1039 3358 1078 3415 M

139 3436 174 3488 27
191 3431 335 3502 respond&
353 3430 393 3486 M
465 3437 500 3489 28
517 3435 608 3488 tucior
625 3429 664 3489 ud
681 3435 818 3503 quantum
835 3447 910 3488 mers
928 3430 968 3488 M
1041 3436 1074 3488 22

67 3503 152 3559 certo
166 3501 315 3560 Sallustios
329 3544 336 3560 .
352 3501 547 3574 moechatur,
563 3519 633 3576 quoe
650 3504 683 3559 to
701 3502 740 3559 M
750 3508 816 3574 perr
833 3507 896 3573 191,
914 3508 936 3562 2
953 3501 1076 3560 incidere
1128 3531 1133 3544 ·

67 3569 319 3646 scnmroosporos'
396 3581 430 3632 21
449 3574 504 3631 uite
522 3576 573 3630 aut
590 3574 630 3630 M
697 3577 788 3631 tomus
803 3613 832 3632 ..
850 3574 1025 3631 conditiones
1039 3572 1081 3628 M

119 3677 284 3722 Ροινιτιιοι.
830 3667 863 3718 1³

1238 1181 1307 1275 Ὢ
1334 1144 1337 1152 “
