2708 3842
309 180 389 312 pus.
438 145 533 247 ⁸quod
560 158 600 225 sd
627 179 679 226 me
704 157 879 245 pertineat,
904 157 1025 245 inquit,
1051 178 1112 245 ego
1139 161 1225 224 serta
1247 177 1315 223 nou

322 251 489 328 autemut
506 247 617 314 mslim
639 247 798 334 tentigine
820 246 936 333 rumpi,
958 267 1055 333 quam
1077 247 1109 312 iu
1136 245 1316 332 quamlibet

309 339 527 404 ooourrsntm
549 335 774 404 nooesdtotem
796 334 941 404 lrbrduus
968 335 1139 404 effimders.
1182 355 1259 402 nam
1282 337 1316 402 et

307 424 506 515 illammalo,
527 449 592 514 qua
604 425 699 494 iaoilo
711 425 810 514 potiri
822 425 955 513 possim.
1010 426 1074 494 120
1096 425 1203 493 illam
1224 429 1316 513 post

280 515 423 600 opaulo
446 515 511 582 sed
533 515 657 601 pluris
679 515 713 581 si
735 515 875 581 exierit
901 516 961 581 uir
987 512 1121 581 Gallis.
1165 513 1245 580 haee
1267 513 1315 578 di·

308 601 504 704 stinguends
525 607 610 688 eunt,
632 605 671 669 ut
692 603 820 689 singulo
841 603 999 690 leguntur.
1021 602 1070 668 ita
1085 601 1214 669 demum
1227 601 1314 667 enim

307 689 575 768 signrfleobuutur
601 690 701 750 storbo
723 689 805 766 eiua,
834 709 916 768 quoe
939 711 973 750 so
997 709 1116 767 arroges
1140 688 1259 750 troodot
1281 691 1315 749 ot

305 767 481 836 differendo
512 772 689 836 amatorem
725 769 922 854 cupidiorem
958 769 1008 836 sui
1043 769 1151 836 faeiat
1209 766 1312 835 Gallis

305 860 413 925 autem
427 857 487 924 has
504 857 550 924 sit
563 857 705 944 aptiores
718 879 797 944 esse,
819 857 896 946 quia
908 856 1118 925 Philodamus
1131 856 1312 944 Epicurius,

266 947 396 1019 wouius
418 969 548 1019 sonsum
570 947 750 1038 tanstulit,
779 948 903 1040 relegat
929 947 1010 1017 talos
1033 947 1075 1018 sd
1097 945 1223 1038 Gollos,
1256 947 1312 1038 qui

303 1062 423 1129 magno
450 1041 609 1109 semoris
635 1043 819 1108 mereantur
847 1042 901 1108 uel
933 1044 1065 1127 propter
1093 1039 1224 1107 diuitias
1255 1041 1309 1108 uel

303 1129 389 1217 quod
402 1129 591 1200 inoeosioris
603 1129 747 1197 libidinis
765 1129 840 1197 sint
896 1129 958 1198 123
981 1133 1023 1197 ut
1045 1151 1167 1217 nequo
1189 1129 1311 1218 longe

218 1271 222 1281 '
301 1240 372 1373 lt
391 1219 894 1394 tffssizdllssllttgd
909 1217 1338 1392 distitutis?

261 1409 289 1455 ιι
302 1397 445 1462 staturae
472 1397 530 1462 aut
559 1394 643 1461 iueis
673 1395 814 1462 oolorem
845 1393 1028 1462 mentiatur.
1120 1393 1183 1462 125
1214 1393 1309 1462 haee

174 1557 184 1570 ,Ι
300 1482 366 1550 ubi
387 1483 594 1570 supposuit
615 1483 750 1550 dextro
772 1505 837 1552 eor
867 1507 910 1550 us
933 1483 1027 1550 mihi
1049 1485 1208 1552 laeuum.
1245 1484 1307 1552 hoo

300 1575 359 1656 eet,
380 1571 466 1657 quod
486 1570 657 1639 Lucilius
680 1573 727 1638 ait
748 1571 784 1638 in
889 1595 898 1638 ι
920 1571 971 1638 Et
992 1573 1170 1639 eruribus
1192 1595 1304 1638 arura

301 1657 522 1742 διάλλαξον.
591 1660 654 1728 126
676 1661 722 1728 do
744 1682 882 1729 nomeu
905 1660 1108 1749 quodlibet
1129 1661 1199 1728 illi.
1244 1662 1307 1729 ele·

189 1753 192 1758 ’
300 1753 429 1836 gonterr
455 1750 544 1838 lingo
572 1749 653 1816 mihi
678 1750 714 1816 iu
740 1749 883 1817 tenebris
909 1749 1109 1817 meretricem
1137 1749 1227 1816 illum
1251 1751 1308 1816 ali·

260 1854 398 1923 aequam
428 1859 498 1905 essa
529 1837 568 1905 de
599 1837 769 1904 nobilibus.
820 1859 879 1924 per
909 1838 995 1925 quod
1026 1838 1202 1926 signifieat,
1238 1860 1308 1906 non

167 1983 171 1990 .
279 1924 455 1994 'interesse
477 1947 561 2014 quse
583 1926 636 2014 sit,
656 1946 731 1993 oum
752 1949 824 1993 sam
845 1949 914 1994 uon
936 1927 1046 1994 uideas
1068 1928 1121 1994 uel
1142 1948 1215 1994 oum
1238 1949 1305 1994 om-

299 2015 390 2082 nium
416 2015 528 2083 eadem
555 2015 699 2102 eorporis
727 2019 844 2082 nature
870 2016 921 2082 sit
1012 2017 1074 2083 129
1107 2016 1309 2103 uepallida

298 2101 401 2170 laete
424 2103 586 2170 desiliat
606 2104 753 2170 mulier.
789 2105 944 2191 quidam
960 2109 1159 2191 putauerunt
1176 2104 1310 2192 uapalli·

299 2189 375 2256 dam
398 2213 484 2257 nune
506 2213 606 2257 unam
627 2195 753 2276 partem
775 2192 931 2259 oretionis
959 2214 1031 2258 essa
1053 2196 1091 2260 ut
1112 2191 1311 2280 Uegraodi

261 2277 439 2346 aesubere
475 2283 637 2363 coetum,
673 2279 759 2381 quod
796 2279 844 2344 sit
874 2279 1029 2347 Persius
1060 2279 1238 2366 Flsoous,
1273 2285 1312 2346 ut

302 2365 463 2454 significet
484 2365 591 2434 ‘uslds
612 2365 755 2452 pslhds’,
777 2365 833 2433 sed
851 2366 932 2434 mihi
949 2367 1077 2435 uidetur
1090 2391 1134 2436 ue
1148 2369 1310 2437 imitatiuo

149 2471 160 2486 ·
300 2453 486 2522 ehsraotme
514 2453 650 2538 diowm,
675 2459 714 2521 ut
739 2453 796 2520 illa
821 2454 1010 2541 perturbata
1037 2457 1146 2524 mariti
1168 2459 1310 2525 aduentu

301 2540 386 2610 bauo
407 2541 650 2610 lamentationis
670 2563 785 2610 uoesm
806 2540 959 2630 proferat
1041 2545 1105 2614 130
1134 2547 1309 2614 miseram

300 2647 338 2697 sa
366 2631 524 2700 conseia
550 2631 696 2698 elamet
755 2631 875 2698 moilla
900 2631 1038 2721 scilieet,
1068 2655 1151 2723 quae
1179 2633 1310 2704 moseia

299 2763 511 2780 ψ

372 2828 405 2881 ιι
423 2821 514 2882 sudi.
530 2823 631 2898 osum
650 2823 763 2892 ms
835 2830 870 2882 ao
888 2825 1001 2884 Porum
1020 2832 1044 2898 ι,
1062 2832 1097 2883 ιι

281 2957 287 2970 ’
370 2983 635 3058 smqmasgoss
716 2984 970 3043 suasurus
1051 2990 1307 3060 equ-auum

227 3119 235 3132 ‚
298 3069 358 3112 rem
404 3055 631 3129 meqoareM
703 3073 739 3115 ua
789 3056 860 3114 tlt!
936 3057 1313 3146 omhutspuoruwlli

297 3266 514 3395 tutum
527 3269 910 3414 “mamm
922 3270 1309 3402 “eoseum

297 3407 578 3538 Wolff
597 3413 668 3540 “o
685 3417 899 3540 diffisos„
917 3414 1268 3544 siffridi-“m

816 3763 1251 3782 *uu-mmm
