2672 4112
151 177 154 184 '
245 195 309 265 358
532 195 602 254 aas
620 193 778 255 1³02ch
796 201 946 254 ιιι-ιιι.

33 352 63 444 f:
99 437 101 440 ,
245 366 404 448 oeoupet
424 364 632 429 extremum
655 362 815 430 scabies.
858 361 1063 429 hoeexlueu
1077 383 1249 450 puerorum

33 444 37 491 ³
244 451 384 536 euetulit,
405 449 628 538 quiludantee
649 451 881 518 eolentdioere
917 448 1171 538 Quisquiead
1193 473 1250 518 me

243 539 481 607 nouissimne
512 539 664 606 uenerit
694 538 835 606 habeat
867 537 1044 606 aoabiem.
1119 539 1186 606 422
1218 539 1252 606 si

243 650 334 697 uero
366 631 426 697 eet
453 631 608 697 anetum
638 629 701 717 qui
733 633 838 697 reete
867 649 1008 717 ponere
1040 629 1168 718 poerit
1188 628 1252 698 hoo

216 724 307 787 sest:
343 717 518 788 eihabeae
544 741 631 806 eum,
662 719 717 807 qui
743 741 856 788 aenam
878 724 1055 807 praeparet
1122 719 1186 788 431
1210 725 1253 788 ut

144 835 150 844 ·
243 809 308 896 qui
330 809 511 877 eonduoti
531 809 690 896 plorant
710 809 750 877 in
771 811 904 878 funere
926 809 1068 878 dieunt
1111 809 1253 877 Alexan·

242 897 332 965 <iriae
353 897 400 967 aie
421 898 526 967 obolie
547 899 781 986 conducuntur,
818 899 873 988 qui
902 904 1046 966 mortuos
1069 899 1183 985 fleant,
1219 902 1252 966 et

31 981 32 990 ’
134 993 137 1001 ’
241 986 304 1055 lroo
330 989 399 1056 tam
427 987 522 1055 ualde
552 987 689 1074 faciunt,
724 991 761 1056 ut
791 987 834 1055 ab
864 987 1090 1076 ignorantibus
1122 988 1251 1056 illorum

241 1077 342 1162 luieae
377 1077 561 1163 ereduntur,
597 1078 653 1166 qui
681 1078 865 1145 efferuntur.
908 1075 944 1143 hi
979 1099 1056 1166 argo
1092 1081 1251 1145 uooantur

202 1171 310 1252 ιοθρη
361 1167 424 1234 tol
489 1167 557 1234 434
585 1187 695 1255 regar
727 1167 908 1235 dicuntur
928 1167 1063 1236 multia
1085 1187 1251 1256 urguere

32 1307 35 1321 .
57 1289 62 1298 ·
241 1255 330 1324 eulu
351 1255 410 1324 lie.
454 1277 547 1344 repar
578 1256 679 1342 enim,
710 1279 791 1346 quoe
817 1258 934 1325 uolunt
955 1257 1096 1344 recipere
1118 1257 1154 1323 in
1173 1256 1251 1324 arni·

31 1357 60 1434 33
201 1365 205 1374 ’
239 1343 364 1431 eitiam,
394 1346 497 1413 multo
527 1367 615 1412 mero
644 1344 809 1413 inebriant
829 1349 1025 1432 temptantes
1048 1365 1172 1432 anper
1193 1366 1250 1433 po·

32 1447 60 1475 .:
239 1433 361 1500 tionem
383 1456 466 1522 quae
487 1433 630 1502 habeant
651 1440 774 1503 eeereta
799 1436 947 1521 prodant
1014 1435 1081 1504 435
1113 1439 1151 1502 et
1172 1437 1251 1502 tor·

241 1543 356 1610 quere
388 1544 490 1592 mero
519 1523 582 1591 hoe
610 1529 674 1591 eat:
714 1523 902 1610 protrahere
933 1523 975 1590 ad
1005 1524 1250 1592 confessionem.

58 1616 61 1626 '
201 1623 228 1667 ¹⁸
292 1611 372 1682 ,437
395 1612 514 1680 animi
536 1612 605 1679 eub
627 1613 740 1700 uulpe
762 1613 941 1682 latenter.
967 1613 1170 1682 simulatores
1193 1635 1249 1682 eea

239 1704 275 1765 et
303 1706 444 1785 eloam
473 1702 673 1804 appellemur
704 1701 760 1787 qui
792 1701 930 1788 benigne
960 1701 1112 1768 inrident
1182 1700 1248 1769 438

240 1785 433 1866 Quintilio
468 1811 501 1856 er
536 1789 627 1877 quid
657 1791 853 1858 recitares.
896 1787 951 1857 hie
980 1793 1050 1858 erat
1072 1788 1249 1870 Quintilius

237 1875 347 1944 Uarue
369 1875 594 1946 Cremonensis
630 1879 751 1947 amieua
774 1877 912 1967 Uergilii
942 1900 1040 1966 eques
1071 1879 1248 1947 Romanoa.

305 1969 370 2036 441
399 1972 439 2035 et
460 1968 557 2035 mele
578 1973 756 2036 tornator
778 1967 909 2035 ineudi
931 1967 1092 2036 reddere
1114 1989 1248 2035 uerene

33 2078 36 2095 ·
123 2051 131 2068 ’
198 2053 300 2124 ”hoe
318 2061 382 2124 eet:
405 2058 510 2125 denuo
533 2079 646 2124 uereue
659 2056 807 2143 seribere,
829 2078 894 2144 quo
908 2057 1004 2125 modo
1017 2055 1247 2124 ferramentum

31 2146 60 2244 ξΙ
204 2145 211 2158 “
236 2145 321 2213 male
343 2145 536 2232 productum
558 2145 702 2214 redditur
727 2147 762 2214 in
784 2146 932 2214 incudem
954 2148 992 2213 ut
1013 2145 1059 2212 ibi
1081 2146 1248 2214 formetur.

303 2235 370 2302 444
392 2235 487 2323 quin
510 2235 595 2303 aine
617 2235 743 2304 riuali
787 2235 949 2304 aemulum
972 2234 1106 2303 riualem
1129 2234 1220 2302 dixit

211 2325 303 2390 Δ446
337 2323 549 2410 ineemptie
579 2325 728 2392 adlinet
756 2329 882 2392 atrum
918 2329 1145 2391 transuerso
1181 2345 1247 2391 oa-

237 2411 336 2480 lamo
363 2413 529 2501 rignum:
565 2413 727 2502 signifieat
748 2435 786 2482 ae
808 2417 903 2482 notat
924 2435 1054 2480 uersum
1076 2413 1162 2480 male
1183 2413 1247 2480 lor·

195 2507 369 2568 ramatum.
435 2501 502 2569 450
537 2501 611 2569 liet
640 2500 900 2569 Aristarchus.
944 2501 998 2568 hie
1019 2499 1155 2569 Homeri
1176 2523 1245 2568 aar·

236 2591 326 2657 mina
348 2589 526 2658 adnotauit
569 2591 624 2658 ille
652 2611 729 2678 ergo
751 2589 848 2658 iudex
870 2589 968 2656 etiarn
991 2589 1106 2677 optimi
1128 2594 1244 2677 poetae

57 2645 60 2701 ἶ
136 2671 138 2676 ”
235 2677 443 2747 Ariatarehue
465 2679 529 2744 liet
595 2677 662 2744 454
697 2682 764 2745 aut
797 2677 993 2744 fanaticus
1019 2677 1062 2742 id
1089 2683 1153 2744 eet:
1188 2677 1245 2764 qui

32 2776 62 2890 l}
197 2765 432 2857 ·lymphatioo
455 2766 629 2856 aptantur.
695 2767 761 2836 456
790 2766 946 2856 agitant
975 2764 1084 2856 pueri
1112 2765 1246 2834 incau-

236 2859 344 2946 tique
372 2861 595 2961 eequuntur.
639 2879 717 2924 nam
745 2857 837 2944 pueri
859 2856 1140 2944 praetereuntibus
1162 2855 1246 2923 inlu·

146 3023 150 3032 ¹
191 2945 311 3012 »dere
333 2945 422 3012 eolrti
443 2966 516 3031 eoa,
544 2968 626 3034 quoe
658 2945 871 3031 innectantur,
892 2945 928 3012 in
950 2943 1146 3013 dementiam
1168 2966 1245 3013 eon·

233 3033 369 3118 pellunt
419 3033 485 3098 45⁷
500 3032 563 3100 hie
585 3035 672 3100 dnm
695 3033 876 3100 eublimie
897 3053 1034 3100 uereue
1056 3035 1244 3099 rnotatur.

233 3139 295 3204 pro
318 3117 458 3186 ‘metati
503 3118 629 3207 antiqui
646 3121 734 3187 enim
758 3122 793 3187 et
815 3117 940 3187 ‘meto’
963 3123 998 3188 et
1029 3117 1173 3187 ‘ructor’
1195 3119 1243 3186 ‹li-
1266 3167 1273 3174 -

234 3345 1019 3486 mmmmm
1037 3344 1166 3470 aa
1181 3433 1189 3450 .
1206 3351 1242 3470 l

234 3485 424 3540 mauram
474 3492 509 3541 ιο
539 3483 1155 3556 ιῐοωαςιιιιάιοιιμιιιρναοιοΜ
1208 3490 1242 3541 18

233 3553 422 3612 ammam
490 3554 680 3614 ttmdexll
726 3561 761 3613 28
792 3553 988 3613 hmlatreoll
1060 3559 1242 3611 toeoeeoe:

227 3625 335 3770 gutli...⁸
351 3625 505 3772 natata?
619 3633 653 3686 at
671 3628 795 3684 luotatur
812 3625 852 3684 m
871 3625 878 3634 '
919 3631 955 3683 82
971 3627 1172 3696 promotorum
1190 3642 1241 3696 qur
