2708 3842
465 84 627 154 11111101,
645 89 671 153 a,
690 88 804 140 ar-as.
1074 81 1138 148 101
1206 35 1215 154 ,ι

134 249 283 331 noctes,
305 250 343 312 ut
363 247 451 314 Flet
471 252 622 315 nostem
642 249 674 312 et
691 245 765 312 'lot
781 265 903 312 annos
921 245 1025 312 bella
1041 265 1141 332 gero.

135 333 185 399 ad
213 333 335 418 ipsum
362 358 470 402 mane
497 339 603 402 eutem
627 356 700 420 pro:
723 355 824 420 usque
847 333 1016 421 adipsum
1038 354 1141 399 mane

203 422 242 488 21
264 421 436 493 Maenius
455 425 651 494 absentem
668 421 835 490 Nouium
854 444 936 490 eum
958 425 1141 509 carperet

134 511 190 596 qui
232 509 274 577 de
313 513 492 598 personis
528 511 760 579 Horatianis
800 511 1011 597 seripserunt,
1051 511 1141 576 aiunt

133 597 297 666 Maenium
320 606 353 668 et
365 601 569 670 sourrolitate
583 604 617 668 et
629 604 786 686 nepotata
800 599 1004 668 notissimum
1019 597 1166 666 Romaet

69 705 72 712 '
133 686 241 754 luisse.
284 689 338 756 lrio
364 712 432 758 eam
458 695 536 777 post
556 689 789 776 patrimonium
811 688 963 756 adrosum
985 687 1140 754 Kalendis

135 775 295 844 Ianuariis
318 778 352 843 in
370 777 531 865 Capitolio
554 778 642 844 elara
668 799 747 844 uooe
775 781 902 864 optaret
928 782 966 843 ut
993 775 1142 862 quadrin-

136 869 235 952 genta
257 865 346 933 milia
367 888 571 934 nummorum
590 865 674 934 aeris
692 865 789 933 alieni
808 866 950 952 haberet,
968 868 1140 953 quaerente

133 954 287 1041 quodam,
313 955 389 1042 quid
417 956 479 1022 sibi
506 955 617 1042 uellet,
644 955 729 1042 quod
757 961 826 1022 tom
853 953 990 1023 solemni
1013 953 1064 1021 dio
1086 975 1140 1020 ees

134 1043 276 1110 alienum
290 1045 408 1112 habere
422 1050 559 1132 optaret,
581 1044 662 1112 ‘noli
675 1044 796 1112 mirari’
819 1045 927 1132 inquit
941 1044 1141 1131 ‘octingenta
1154 1059 1179 1102 ra

132 1131 255 1198 debeo’.
311 1133 364 1199 hie
390 1135 493 1200 fertur
518 1135 614 1200 domo
643 1155 715 1220 sua,
742 1155 839 1220 quarn
866 1134 907 1200 ed
935 1133 1041 1200 forum
1069 1153 1138 1218 spe

133 1225 273 1288 stentem
287 1221 455 1307 habuerat,
477 1223 642 1289 diuendita
655 1243 754 1290 unam
777 1223 960 1292 columnam
980 1221 1055 1289 inde
1077 1220 1139 1287 sibi

133 1310 304 1397 excepisse,
326 1312 410 1378 unde
424 1311 620 1466 {lediamres
640 1315 810 1398 spectaret,
832 1333 914 1397 quae
927 1332 966 1377 ex
979 1333 1017 1378 eo
1031 1310 1140 1376 Maeni
1192 1319 1195 1326 '

134 1399 429 1467 columnanomina
452 1405 536 1468 atur.
567 1401 657 1468 ouius
675 1403 709 1467 et
731 1400 902 1468 Lucilius
925 1401 971 1467 sie
993 1399 1141 1466 meminit

131 1487 305 1556 Maenius
328 1489 542 1557 columnam
565 1511 647 1557 oum
675 1493 833 1576 poteret
901 1489 944 1556 25
967 1511 1049 1556 oum
1070 1493 1177 1554 suas

130 1579 336 1665 peruideas
364 1578 487 1646 oeulis
513 1580 615 1647 mala
639 1579 770 1667 lippus
796 1579 980 1648 inunetis.
1025 1599 1138 1645 sensus

131 1671 194 1737 est:
222 1690 294 1735 eum
322 1673 379 1734 tua
405 1668 492 1735 mala
517 1669 628 1735 uideas
655 1669 746 1735 uelut
772 1670 800 1736 si
826 1669 965 1756 lippiens
987 1667 1139 1734 inunctus

132 1756 190 1842 sis,
217 1779 314 1844 quere
341 1757 382 1824 ad
410 1755 586 1824 amicorum
608 1759 830 1844 perspicienda
851 1757 934 1842 uitia
955 1762 1024 1824 tam
1045 1760 1138 1823 sonte

130 1847 296 1932 perspicis,
318 1867 413 1933 quam
437 1851 495 1911 eut
515 1845 624 1931 aquila
646 1851 704 1912 aut
723 1847 829 1914 draco.
865 1847 1006 1934 aquilam
1029 1850 1138 1912 autem

130 1940 195 2000 tam
221 1940 314 2002 acute
341 1955 470 2001 eernere
493 1933 599 2019 aiunt,
627 1936 665 2000 ut
686 1937 782 2003 rectis
805 1935 907 2003 oeulis
928 1935 1037 2002 radios
1059 1933 1177 2002 solies

129 2023 301 2090 intueatur.
345 2045 405 2109 pro
428 2022 567 2089 draotme
591 2027 700 2089 autern
723 2029 905 2111 serpentem
927 2023 1138 2111 Epidaurium

129 2112 202 2178 ideo
225 2111 315 2197 dixit,
336 2111 422 2197 quia,
444 2133 516 2177 oum
530 2111 670 2179 Romani
694 2113 825 2180 oraculo
842 2113 998 2180 admoniti
1012 2113 1047 2178 in
1060 2111 1138 2198 Epi·
1272 2149 1275 2154 ·

129 2200 264 2266 daurom
292 2199 433 2266 insulam
459 2198 636 2286 misissent,
663 2199 739 2268 inde
765 2205 802 2267 ut
824 2201 1053 2286 Aesculapium
1082 2199 1136 2266 ad-

127 2289 264 2374 ferrent,
286 2289 382 2354 droco
404 2310 422 2354 s
445 2288 565 2373 templo
589 2288 657 2354 eius
670 2295 802 2376 repente
815 2299 1007 2378 progressus
1020 2310 1137 2356 nauem

127 2377 310 2461 legatorum
337 2377 536 2456 conscendit,
563 2398 659 2461 quem
685 2379 732 2444 illi
759 2399 880 2444 numen
907 2379 958 2446 dei
981 2378 1136 2444 creditum
1149 2393 1178 2435 ¹⁵

128 2485 198 2529 esse
211 2463 350 2529 Romam
368 2464 575 2530 aduexenmt.
632 2464 676 2530 29
694 2465 919 2532 iracundior
940 2471 999 2550 ost
1020 2465 1135 2551 paulo

128 2555 162 2617 st
183 2551 320 2638 reliqua:
342 2550 442 2618 habet
464 2552 572 2637 aliqua
593 2551 683 2640 uitia,
704 2554 752 2618 ita
773 2559 812 2619 ut
832 2554 930 2639 paulo
951 2553 1136 2619 uacundior

128 2639 186 2723 sit,
216 2660 258 2705 ne
290 2639 395 2724 possit
425 2639 638 2712 deridentium
670 2640 902 2727 urbanitatem,
932 2661 1014 2728 quae
1049 2661 1136 2706 nune

127 2727 266 2793 maxime
297 2732 476 2814 exercetur,
507 2727 675 2812 sustinere.
731 2732 878 2816 praestat
907 2729 1007 2796 etiam
1033 2730 1072 2796 de
1101 2747 1135 2795 se

126 2815 249 2883 adeor·
280 2815 461 2904 materiam,
493 2817 578 2903 quod
609 2817 762 2885 rusticius
788 2821 903 2885 tonsus
930 2817 973 2884 sit
998 2821 1032 2884 et
1057 2821 1178 2904 togata

160 3029 165 3041 .
200 2997 233 3047 11
252 2990 353 3048 Lnoilii
371 2989 471 3063 fragm.
490 2989 543 3048 ina
564 2997 617 3049 100

197 3159 284 3226 apro
303 3151 412 3222 Pauly:
429 3151 544 3222 quelli
613 3151 815 3210 smenrnslll
892 3153 1098 3210 eumaeonM

126 3229 285 3280 amomum
302 3228 335 3282 ut
351 3221 558 3280 roarrnlrlatem
626 3230 726 3280 eoum
743 3225 808 3282 odd
828 3224 922 3296 Pauly
987 3231 1020 3282 11
1038 3223 1134 3281 druen-

125 3293 214 3350 drtam
230 3295 269 3351 Μ
331 3299 364 3350 10
381 3309 458 3348 meru
473 3291 511 3348 Μ
564 3299 597 3350 to
615 3311 725 3352 memus
739 3295 777 3351 M
834 3304 867 3354 16
885 3295 1162 3368 lyppnrrmnnotur.

126 3365 165 3420 M
253 3369 286 3420 11
305 3364 639 3436 oppono-unetos!
727 3373 760 3422 18
778 3369 852 3424 tame
874 3367 1016 3439 quamdi
1100 3371 1133 3422 10

124 3435 226 3491 draooo
246 3435 284 3491 M
345 3441 379 3492 10
398 3439 488 3491 raetos
506 3435 545 3490 Μ
614 3441 648 3492 11
667 3435 786 3509 epidanr
802 3438 1030 3508 amurcali
1097 3441 1132 3491 11

123 3519 154 3557 ιιι
172 3504 350 3573 epidaurium
368 3504 407 3560 Μ
493 3505 720 3562 assecularum
739 3507 777 3564 Μ
855 3515 889 3566 10
907 3518 943 3570 ÷
962 3509 1008 3579 (—
1025 3510 1080 3580 us)
1097 3523 1133 3563 m.

122 3576 161 3628 1.·
171 3573 236 3630 add.
255 3573 294 3628 Μ
364 3580 398 3631 11
416 3579 486 3631 neo?
556 3523 721 3633 deridendi
739 3579 804 3635 add.
822 3579 889 3636 Aer.
1150 3583 1152 3588 '
