2672 4108
336 465 535 544 ODARUM
561 465 705 542 LIBER
729 463 792 540 IV.

157 646 385 717 Intermissa
415 642 545 711 Uenus
582 643 655 711 diu
721 645 798 730 6661
832 645 1084 711 consummetos·

70 740 234 826 editosque
250 743 316 805 tres
334 735 513 805 6666616666
529 733 630 803 libros
643 733 783 802 66661666
797 733 970 802 interuallo
985 733 1073 801 16666

70 833 217 917 quartum
244 826 381 896 66611666
407 825 583 912 conpulsus
609 845 680 892 esse
709 823 826 891 dicitur
848 823 889 891 eb
911 823 1073 912 Angusto,
1223 865 1228 875 ·

70 925 107 988 ut
118 915 258 986 Neronis
280 916 423 1004 priuigni
445 915 514 983 cius
533 914 703 983 6161661666
717 913 757 981 dc
769 913 882 982 1166116
893 911 1099 981 Uindelicis·
1115 939 1140 984 ·,
1187 947 1191 954 ·
1232 989 1238 998 ¹

70 1008 245 1094 quaesitum
274 1006 474 1090 inlustraret,
501 1025 583 1090 queo
605 1003 640 1070 in
661 1003 725 1070 hoc
746 1003 830 1071 libro
853 1024 893 1070 en
914 1003 975 1070 cde
996 1022 1074 1069 con·
1135 1077 1142 1088 ι

68 1097 224 1180 11666166,
253 1116 335 1181 quse
362 1093 409 1160 616
430 1093 546 1180 incipit
571 1089 729 1170 Qualem
757 1091 977 1159 ministrnm
998 1090 1095 1157 ful-1
1237 1117 1241 1126 ·

69 1183 181 1250 minis
217 1183 357 1250 6111666.
414 1181 640 1250 intermisse
674 1178 804 1248 Uenus
840 1181 906 1248 diu
939 1200 1074 1247 666666
1134 1243 1137 1250 .

69 1272 171 1338 belle
193 1294 331 1340 moues
381 1271 417 1338 in
439 1271 603 1357 superiore
624 1269 708 1336 libro
731 1268 932 1335 ostendimus
953 1267 1075 1355 ellege-

67 1360 152 1426 riccs
174 1360 260 1427 166116
281 1365 315 1427 61
336 1358 484 1425 militium
496 1357 633 1425 Ueneris
645 1354 820 1424 Horatium
836 1378 897 1444 pro
910 1353 1074 1424 umoribus
1087 1371 1115 1414 ιο

70 1447 183 1552 dicero.
262 1449 284 1516 4
306 1447 375 1516 sub
397 1468 518 1536 regno
541 1444 714 1514 0166666.
772 1467 831 1533 666
853 1467 891 1512 66
913 1443 1076 1534 significet

69 1533 220 1604 01666666
246 1558 282 1605 66
308 1557 441 1604 6666666.
498 1539 533 1604 61
559 1536 622 1604 1666
644 1540 753 1603 eutem
775 1534 966 1624 ellegcricos
988 1534 1094 1622 quod·
1210 1579 1215 1588 ·
1243 1527 1248 1534 ’

69 1625 116 1692 611
137 1624 209 1692 ‘sub
231 1648 333 1714 regno
356 1623 505 1694 Ginerse’
528 1626 620 1712 qussi
642 1625 714 1693 ‘sub
737 1624 901 1693 domiuic'.
959 1623 1016 1692 scd
1038 1627 1077 1690 ut
1156 1691 1159 1698 ,
1196 1619 1202 1626 '

70 1714 260 1803 dignitatem
281 1715 403 1784 1666666
426 1715 494 1784 6166
518 1715 710 1803 ostenderet,
731 1716 878 1803 reginem
895 1713 958 1782 sibi
975 1712 1075 1781 161666

70 1805 123 1871 611
212 1805 360 1872 661666
386 1807 512 1874 166166
538 1805 674 1873 decem.
731 1825 833 1893 prope
855 1825 960 1871 66666
982 1802 1115 1890 quin-s

70 1893 691 1981 quagintenetetisiumsedicitcgere.
737 1893 932 1976 dilectore
949 1891 1076 1958 molli·
1140 1921 1145 1928 ·

70 1981 138 2046 bus
163 1981 237 2049 1666
260 1981 402 2050 durum.
446 1976 645 2050 6166166666·
678 1981 829 2050 mollibus
852 1981 940 2050 enim
961 1979 1076 2048 durum

71 2068 229 2156 obposuit
286 2072 397 2139 mollin
423 2075 532 2138 661666
554 2069 692 2138 11666616
718 2071 762 2138 im
786 2072 855 2139 6616
875 2071 963 2156 dicit,
984 2069 1076 2158 qussi
1163 2070 1170 2151 ζ

69 2157 192 2224 ludicre
218 2181 255 2226 66
284 2159 422 2228 delicate
448 2161 528 2246 6161,
557 2181 591 2226 se
619 2165 728 2228 sutem
757 2095 874 2228 durum
896 2161 956 2246 611,
982 2158 1075 2246 qussi
1131 2241 1135 2248 .

71 2246 135 2312 1666
157 2247 385 2316 indomabilem
406 2253 540 2336 propter
562 2253 710 2316 66161666
745 2271 823 2316 nem
845 2247 1116 2316 61166616666-66

70 2333 168 2401 161166
191 2336 308 2403 dicitur
330 2358 350 2402 6
372 2338 549 2423 pecoribus,
571 2338 681 2420 666166
703 2359 777 2404 cum
789 2337 856 2404 ism
869 2341 976 2403 661616
988 2335 1078 2403 duris

71 2421 146 2509 iuge
168 2445 206 2491 66
227 2425 321 2492 frenc
342 2425 546 2511 adhibentur,
567 2426 750 2512 perdomcri
771 2447 840 2492 uon
862 2429 1008 2510 possunt
1108 2481 1112 2487 .
1228 2485 1234 2496 ,

72 2510 92 2573 9
115 2513 387 2596 1666666116166
408 2513 448 2579 in
470 2513 619 2578 domum
636 2513 750 2577 Peuli
771 2510 977 2596 purpureis
997 2509 1077 2574 6166
1138 2561 1141 2566 .

70 2595 253 2659 oloribus.
310 2595 432 2662 Fabius
460 2595 621 2662 Maximus
648 2595 769 2662 Paulus
799 2595 865 2661 fuit
893 2593 1014 2662 nobilis
1044 2597 1078 2658 et
1098 2605 1130 2626 “¹

69 2677 207 2746 disertus
228 2679 428 2768 adulescens,
459 2683 510 2749 cui
532 2683 680 2750 66666166
700 2685 793 2750 lusus
819 2703 908 2750 nunc
929 2703 986 2750 666
1007 2698 1116 2748 666-66
1209 2693 1214 2702 ·
1240 2711 1247 2722 ·

70 2766 153 2833 xime
181 2772 354 2840 conuenire
381 2771 481 2862 dicet,
507 2771 576 2862 ipse
600 2773 741 2843 ostendit
763 2771 952 2842 subiciendo
973 2792 1077 2840 nem·

72 2878 141 2944 qus
168 2857 313 2932 nobilis
341 2867 381 2933 61
401 2864 541 2933 decens
563 2867 601 2932 et
621 2887 691 2952 666
712 2864 901 2958 sollicitis
922 2885 1000 2932 non
1020 2867 1095 2930 ter

70 2985 283 3001 U———u—

142 3037 309 3110 60666
381 3039 610 3111 6066666

141 3188 157 3238 1
175 3198 236 3256 666,
254 3201 290 3241 m.
308 3187 328 3240 2
349 3183 499 3270 addiditt,
517 3185 557 3240 Μ
652 3184 759 3242 trdus
776 3183 914 3241 nndehtm
932 3181 972 3239 Μ
1061 3147 1097 3237 d¹

72 3253 673 3398 ἷ6166οᾱοο6111ιὲιῖ’.66111106Μ6666666Ί611ἓ6α1ωῃ11Β
691 3250 1079 3399 ἕκηῶιιᾱωῶῃηομξω

72 3410 105 3450 66.
123 3399 145 3451 2
163 3398 356 3468 6611661661666
373 3400 406 3454 iss
422 3413 509 3470 66666.
527 3397 682 3468 adscripsit
760 3404 794 3454 18
812 3411 953 3470 66666666
971 3393 1011 3450 Μ

74 3470 106 3522 tc
128 3467 278 3526 mollitiem
300 3468 401 3525 dunum
419 3470 459 3527 M
564 3475 598 3528 18
620 3467 742 3526 666116166
759 3467 800 3525 M
903 3473 938 3524 21
959 3482 990 3523 er
1008 3481 1025 3523 6
1043 3462 1081 3519 Μ

142 3537 244 3618 quibus
262 3557 297 3595 66
313 3541 381 3597 Acr.
400 3540 526 3596 6616116666
606 3539 702 3596 seen·
721 3539 761 3594 M
838 3537 945 3594 116166
963 3535 1003 3592 Μ

72 3609 106 3659 tc
123 3623 173 3662 666
189 3609 277 3665 Acro:
295 3625 359 3666 curn
377 3609 417 3666 Μ
