2708 3842
405 107 528 166 senno
546 109 568 179 1,
587 85 612 178 i,
630 113 744 166 ss-ss.
833 141 835 146 .
1012 109 1076 176 185
1136 83 1180 217 ’,

69 270 267 337 adsumimus
299 271 335 336 in
360 268 424 339 hoc
446 270 627 357 syllempsis
649 273 707 338 cet
787 270 831 338 25
867 274 911 338 ut
945 271 1075 357 pueris
1217 269 1223 280 “
1261 356 1265 384 ι
1301 260 1304 278 '
1339 239 1340 280 ³

67 357 158 424 olim
181 356 274 424 dant
295 359 469 426 crustula
490 358 624 426 blandi
647 357 834 426 doctores.
878 359 1021 426 crustula
1042 362 1077 426 et

67 446 240 514 Lucilius
272 446 353 514 dixit
400 447 564 516 Gustaui
600 448 777 531 crustula
811 448 927 516 sclua
985 448 1104 516 olim·
1194 498 1199 506 .
1269 465 1273 474 ’

67 540 176 603 autem
198 557 285 603 nuno
307 557 367 623 pro
390 536 568 604 ‘interdurn
591 536 912 624 aenonnumquam’
934 537 1075 624 positum

67 629 125 690 est
192 625 236 692 30
271 646 339 712 per
365 647 474 694 omne
504 625 667 693 audaces
696 646 798 691 mare
820 625 885 712 qni
907 629 1102 694 currunts

66 713 197 799 proprie
211 718 385 801 currunt,
406 713 618 782 utUastum
641 735 735 780 caua
756 715 866 781 trabe
888 715 1075 782 currimus

66 822 218 886 aequor.
284 802 328 868 32
364 823 446 869 curn
481 802 557 868 sibi
592 802 673 869 eint
702 805 889 890 congesta
914 801 1075 869 cibaria:

69 911 143 954 eum
172 888 235 955 sibi
263 889 343 975 sint,
371 911 454 977 quae
485 891 526 957 ad
555 891 658 956 uitam
688 889 845 976 reliquam
873 889 1075 958 tolerandam
1184 917 1191 928 ·
1272 904 1275 915 ·

65 977 194 1064 possint
214 981 268 1044 sat
289 998 367 1045 essa.
429 979 473 1047 32
496 979 598 1046 sicut
619 980 782 1065 paruula
803 999 880 1046 raom
901 978 1074 1064 exemplo

66 1065 278 1153 estmagni
305 1065 468 1135 formica
493 1067 652 1135 laberis.
695 1061 891 1144 duliam
920 1067 1116 1153 paruulaen
1242 1063 1251 1073 “
1313 1169 1316 1200 ¹

66 1152 152 1219 enim
175 1173 331 1240 magnum
351 1155 472 1222 intulit
539 1156 583 1222 36
619 1176 715 1242 quae
742 1155 857 1222 simul
879 1155 1073 1222 inucrsum

65 1241 278 1308 contristat
321 1244 516 1330 Aquarius
566 1264 714 1326 annurn
777 1243 974 1310 incensum
1010 1264 1074 1309 an·

64 1349 154 1396 num
189 1333 381 1416 perpetuum
426 1331 595 1416 epitheton
638 1337 689 1398 est
732 1331 824 1418 anni,
869 1331 945 1418 quia
974 1331 1011 1396 in
1041 1351 1074 1397 se

65 1427 192 1504 semper
213 1419 352 1484 uertitur
372 1419 406 1484 id
428 1425 479 1486 est
499 1420 682 1486 reuertitur.
726 1420 865 1486 maxime
887 1423 995 1485 autem
1008 1419 1076 1486 sole

65 1506 101 1572 in
122 1507 267 1592 Aquario
295 1508 472 1575 constituto
504 1511 712 1594 tempestates
742 1506 922 1575 horrendae
957 1511 992 1574 et
1021 1507 1075 1574 fri·
1088 1527 1116 1572 u

66 1615 148 1680 gara
169 1596 204 1661 in
228 1596 318 1662 entia
339 1598 447 1664 solent
467 1619 547 1664 csse,
591 1599 640 1664 eol
662 1600 771 1663 autern
784 1596 904 1663 transit
919 1597 955 1662 in
967 1596 1075 1682 Aqua-

66 1683 149 1749 rium
172 1681 203 1749 X
251 1682 268 1750 1
290 1683 363 1751 Kal.
384 1683 592 1770 Februarias3
614 1685 651 1752 in
672 1707 712 1752 eo
734 1690 786 1752 eet
806 1684 918 1752 diebus
940 1683 1095 1771 triginta

66 1770 612 1859 mq¹¹⁰i¹¹XV11K⁸LM⁸¹fi⁸⁸÷
678 1774 721 1841 37
759 1778 797 1841 ai
832 1773 914 1840 illis
950 1773 1077 1840 utitur
1217 1805 1221 1812 ·
1273 1793 1277 1802 ¹
1323 1755 1325 1766 '

65 1865 155 1929 ante
178 1861 368 1948 quaesitis
391 1862 558 1950 sapiens.
603 1862 759 1948 sapiens
781 1861 930 1930 absoluta
951 1861 1075 1930 dicitur.

64 1955 116 2017 est
147 1952 234 2019 enim
261 1973 396 2038 nomeu,
429 1973 498 2020 non
530 1951 750 2039 participium,
784 1952 882 2019 ut'si
913 1951 1034 2018 diceret
1053 1953 1116 2034 †rc
1247 1989 1253 1999 ·

65 2041 264 2125 quianteuon
286 2042 373 2108 enim
395 2041 460 2108 illis
483 2041 621 2128 sapiens.
694 2042 738 2108 41
776 2040 866 2128 quid
887 2039 997 2108 iuuat
1017 2039 1074 2107 in·

64 2150 235 2196 mensum
265 2133 303 2196 te
327 2130 480 2218 argenti
507 2130 656 2217 pondus
678 2133 717 2196 et
738 2130 830 2197 auri.
875 2151 988 2196 sensus
1010 2131 1074 2195 eet:

65 2239 138 2286 cum
164 2223 256 2287 tanto
284 2217 392 2287 studio
414 2220 585 2307 pecuniam
606 2239 756 2308 quaeras,
784 2217 861 2307 quid
883 2222 917 2287 ta
937 2218 1077 2287 delectat

63 2308 199 2376 eandem
230 2309 400 2394 pecuniam
429 2330 497 2377 non
528 2309 591 2395 uti,
626 2310 682 2377 aad
711 2309 873 2378 defossam
899 2309 935 2376 in
954 2313 1076 2376 terram

65 2416 203 2464 seruarc.
269 2397 314 2463 43
355 2398 455 2484 quod
487 2397 519 2464 si
551 2397 789 2466 comminuas
824 2398 940 2465 uilem
974 2397 1115 2465 redi-ss

63 2489 178 2572 gatar
204 2483 250 2551 ad
272 2506 403 2553 assam.
447 2485 511 2556 hoc
532 2486 623 2553 anari
645 2507 837 2573 responsum
859 2490 909 2554 cet
930 2486 1075 2573 dicentia,

62 2573 128 2640 nisi
150 2573 311 2642 defossam
342 2575 513 2663 manniam
535 2579 651 2658 seruat,
679 2575 825 2644 futurum
853 2580 892 2644 ut
912 2591 956 2642 ca¹
972 2595 1074 2663 usque

64 2663 106 2730 ad
124 2685 229 2731 assem
246 2669 464 2733 consumatur.
525 2667 571 2732 44
589 2668 630 2732 at
650 2665 689 2732 ni
711 2665 749 2732 id
770 2665 821 2733 fit
842 2663 934 2752 quid
953 2663 1075 2732 habet

63 2752 190 2838 pulcri
212 2757 462 2822 constructus
489 2775 659 2822 aceruus.
702 2754 820 2821 iterum
841 2753 1074 2842 interrogantis

62 2843 178 2929 poetae
200 2841 280 2911 haee
302 2844 403 2912 uerba
419 2847 505 2933 aunt,
527 2865 665 2931 quoram
683 2865 797 2912 sensus
810 2847 874 2912 est:
896 2843 974 2930 quid
996 2863 1073 2932 ergo
1086 2863 1116 2909 aa

133 3025 150 3076 a
168 3001 294 3079 nunnus
310 3021 411 3106 fragm.
428 3022 482 3080 ino.
503 3028 536 3080 ra
608 3019 727 3094 sung.
745 3023 815 3080 nan.
833 3027 861 3093 a,
880 3025 930 3079 rar

134 3210 148 3258 1
169 3201 334 3276 nllempsna
352 3201 392 3259 Μ
461 3207 478 3258 6
495 3204 578 3259 uaste
594 3199 676 3259 trabe
693 3217 763 3260 eane
782 3201 821 3258 Μ
890 3200 978 3259 orat
997 3217 1073 3260 eesse

63 3271 102 3330 Μ
186 3279 219 3332 1³
238 3277 301 3333 aest
318 3273 357 3331 Μ
442 3281 474 3332 16
494 3275 554 3332 sola
572 3275 611 3331 Μ
684 3289 809 3346 aquam.
832 3271 880 3332 v11
897 3272 947 3331 lsai
965 3273 1004 3330 Μ

70 3349 103 3402 18
121 3363 151 3402 ω
169 3345 232 3416 v11,
250 3345 276 3403 X
294 3363 360 3404 am.
378 3350 408 3403 2.
426 3345 596 3417 interposito,
616 3346 655 3402 Μ
700 3352 732 3402 21
756 3345 870 3403 aiam
885 3346 1073 3404 mars:

82 3416 130 3472 uia
147 3419 214 3473 ante
231 3417 376 3488 <hiemem
394 3415 547 3488 queunt,
565 3417 707 3489 sapiens>
724 3433 781 3473 non
798 3417 873 3474 enim
889 3416 948 3474 iliis
964 3416 1074 3490 sapiens

61 3433 242 3608 {ants
259 3493 399 3609 ,0.00,
424 3487 754 3610 saiwam
780 3491 825 3612 0,·,0
839 3488 953 3612 ,300
988 3489 1075 3610 aa

61 3620 234 3674 constructos
253 3621 292 3674 Μ
355 3626 391 3677 80
408 3622 503 3692 posce
522 3622 561 3677 Μ
