<?xml version="1.0" encoding="UTF-8"?>
<!DOCTYPE html PUBLIC "-//W3C//DTD XHTML 1.0 Transitional//EN"
    "http://www.w3.org/TR/xhtml1/DTD/xhtml1-transitional.dtd">
<html xmlns="http://www.w3.org/1999/xhtml" xml:lang="en" lang="en">
 <head>
  <title>
</title>
<meta http-equiv="Content-Type" content="text/html;charset=utf-8" />
  <meta name='ocr-system' content='tesseract 3.04.00' />
  <meta name='ocr-capabilities' content='ocr_page ocr_carea ocr_par ocr_line ocrx_word'/>
</head>
<body>
  <div class='ocr_page' id='page_1' title='image "./commentuminhora00porpgoog_0207.png"; bbox 0 0 2708 3842; ppageno 0'>
   <div class='ocr_carea' id='block_1_1' title="bbox 273 108 940 180">
    <p class='ocr_par' dir='ltr' id='par_1_1' title="bbox 273 108 940 180">
     <span class='ocr_line' id='line_1_1' title="bbox 273 108 940 180; baseline -0.018 -2"><span class='ocrx_word' id='word_1_1' title='bbox 273 113 335 180; x_wconf 85' lang='grc'>188</span> <span class='ocrx_word' id='word_1_2' title='bbox 584 108 705 169; x_wconf 73' lang='lat' dir='ltr'>sunno</span> <span class='ocrx_word' id='word_1_3' title='bbox 724 109 745 179; x_wconf 84' lang='lat'>1,</span> <span class='ocrx_word' id='word_1_4' title='bbox 766 116 789 180; x_wconf 88' lang='grc' dir='ltr'>ι,</span> <span class='ocrx_word' id='word_1_5' title='bbox 808 113 940 168; x_wconf 76' lang='grc' dir='ltr'>ει-ιοι.</span> 
     </span>
    </p>
   </div>
   <div class='ocr_carea' id='block_1_2' title="bbox 84 268 1352 2826">
    <p class='ocr_par' dir='ltr' id='par_1_2' title="bbox 271 268 1276 359">
     <span class='ocr_line' id='line_1_2' title="bbox 271 268 1276 359; baseline -0.008 -15"><span class='ocrx_word' id='word_1_6' title='bbox 271 297 383 344; x_wconf 78' lang='lat' dir='ltr'>ramur</span> <span class='ocrx_word' id='word_1_7' title='bbox 403 275 582 342; x_wconf 77' lang='lat' dir='ltr'>recusantia</span> <span class='ocrx_word' id='word_1_8' title='bbox 613 273 756 359; x_wconf 82' lang='lat' dir='ltr'>diuitias,</span> <span class='ocrx_word' id='word_1_9' title='bbox 792 293 875 358; x_wconf 88' lang='lat' dir='ltr'>qnae</span> <span class='ocrx_word' id='word_1_10' title='bbox 905 270 1082 338; x_wconf 76' lang='lat' dir='ltr'>cruciatum</span> <span class='ocrx_word' id='word_1_11' title='bbox 1109 269 1196 336; x_wconf 85' lang='lat' dir='ltr'>uitae</span> <span class='ocrx_word' id='word_1_12' title='bbox 1219 268 1276 336; x_wconf 91' lang='lat' dir='ltr'>do·</span> 
     </span>
    </p>

    <p class='ocr_par' dir='ltr' id='par_1_3' title="bbox 270 358 1279 432">
     <span class='ocr_line' id='line_1_3' title="bbox 270 358 1279 432; baseline -0.009 1"><span class='ocrx_word' id='word_1_13' title='bbox 270 365 358 432; x_wconf 90' lang='lat' dir='ltr'>mino</span> <span class='ocrx_word' id='word_1_14' title='bbox 372 363 526 432; x_wconf 79' lang='lat' dir='ltr'>adierant</span> <span class='ocrx_word' id='word_1_15' title='bbox 588 363 631 431; x_wconf 83' lang='lat'>84</span> <span class='ocrx_word' id='word_1_16' title='bbox 653 383 730 430; x_wconf 87' lang='lat' dir='ltr'>aon</span> <span class='ocrx_word' id='word_1_17' title='bbox 751 382 846 429; x_wconf 84' lang='lat' dir='ltr'>uxor</span> <span class='ocrx_word' id='word_1_18' title='bbox 866 365 904 428; x_wconf 88' lang='lat' dir='ltr'>te</span> <span class='ocrx_word' id='word_1_19' title='bbox 922 361 1069 427; x_wconf 82' lang='lat' dir='ltr'>saluum</span> <span class='ocrx_word' id='word_1_20' title='bbox 1088 358 1178 425; x_wconf 91' lang='lat' dir='ltr'>uult</span> <span class='ocrx_word' id='word_1_21' title='bbox 1199 378 1279 425; x_wconf 90' lang='lat' dir='ltr'>non</span> 
     </span>
    </p>

    <p class='ocr_par' dir='ltr' id='par_1_4' title="bbox 270 448 1277 540">
     <span class='ocr_line' id='line_1_4' title="bbox 270 448 1277 540; baseline -0.006 -20"><span class='ocrx_word' id='word_1_22' title='bbox 270 455 395 539; x_wconf 79' lang='lat' dir='ltr'>iiliua,</span> <span class='ocrx_word' id='word_1_23' title='bbox 416 454 533 540; x_wconf 87' lang='lat' dir='ltr'>quibua</span> <span class='ocrx_word' id='word_1_24' title='bbox 555 451 678 520; x_wconf 83' lang='lat' dir='ltr'>aoilioet</span> <span class='ocrx_word' id='word_1_25' title='bbox 698 473 756 537; x_wconf 81' lang='lat' dir='ltr'>per</span> <span class='ocrx_word' id='word_1_26' title='bbox 777 451 948 517; x_wconf 86' lang='lat' dir='ltr'>auaritiam</span> <span class='ocrx_word' id='word_1_27' title='bbox 960 455 1051 516; x_wconf 86' lang='lat' dir='ltr'>tuam</span> <span class='ocrx_word' id='word_1_28' title='bbox 1065 448 1164 515; x_wconf 83' lang='lat' dir='ltr'>durna</span> <span class='ocrx_word' id='word_1_29' title='bbox 1178 452 1277 534; x_wconf 85' lang='lat' dir='ltr'>atque</span> 
     </span>
    </p>

    <p class='ocr_par' dir='ltr' id='par_1_5' title="bbox 269 539 1279 628">
     <span class='ocr_line' id='line_1_5' title="bbox 269 539 1279 628; baseline -0.007 -20"><span class='ocrx_word' id='word_1_30' title='bbox 269 543 399 628; x_wconf 74' lang='lat' dir='ltr'>iniquus</span> <span class='ocrx_word' id='word_1_31' title='bbox 420 563 465 608; x_wconf 78' lang='lat' dir='ltr'>ea</span> <span class='ocrx_word' id='word_1_32' title='bbox 532 541 575 608; x_wconf 91' lang='grc'>86</span> <span class='ocrx_word' id='word_1_33' title='bbox 610 539 767 606; x_wconf 71' lang='grc' dir='ltr'>ιιιίιιιιὶι</span> <span class='ocrx_word' id='word_1_34' title='bbox 799 560 882 606; x_wconf 84' lang='lat' dir='ltr'>aum</span> <span class='ocrx_word' id='word_1_35' title='bbox 917 543 958 604; x_wconf 89' lang='lat' dir='ltr'>tu</span> <span class='ocrx_word' id='word_1_36' title='bbox 987 541 1150 624; x_wconf 78' lang='lat' dir='ltr'>argento</span> <span class='ocrx_word' id='word_1_37' title='bbox 1186 540 1279 620; x_wconf 85' lang='lat' dir='ltr'>port</span> 
     </span>
    </p>

    <p class='ocr_par' dir='ltr' id='par_1_6' title="bbox 121 622 1279 715">
     <span class='ocr_line' id='line_1_6' title="bbox 121 622 1279 715; baseline -0.008 -17"><span class='ocrx_word' id='word_1_38' title='bbox 121 635 132 646; x_wconf 89' lang='grc'><strong>’</strong></span> <span class='ocrx_word' id='word_1_39' title='bbox 243 629 399 697; x_wconf 70' lang='lat' dir='ltr'>somnia</span> <span class='ocrx_word' id='word_1_40' title='bbox 432 650 564 715; x_wconf 84' lang='lat' dir='ltr'>pouaa</span> <span class='ocrx_word' id='word_1_41' title='bbox 621 627 701 695; x_wconf 88' lang='lat' dir='ltr'>ordo</span> <span class='ocrx_word' id='word_1_42' title='bbox 729 630 792 694; x_wconf 83' lang='lat' dir='ltr'>eat:</span> <span class='ocrx_word' id='word_1_43' title='bbox 829 648 902 694; x_wconf 89' lang='lat' dir='ltr'>oum</span> <span class='ocrx_word' id='word_1_44' title='bbox 933 631 970 692; x_wconf 86' lang='lat' dir='ltr'>tu</span> <span class='ocrx_word' id='word_1_45' title='bbox 1001 622 1111 691; x_wconf 85' lang='lat' dir='ltr'>omnia</span> <span class='ocrx_word' id='word_1_46' title='bbox 1142 628 1279 710; x_wconf 80' lang='lat' dir='ltr'>argento</span> 
     </span>
    </p>

    <p class='ocr_par' dir='ltr' id='par_1_7' title="bbox 270 712 1279 804">
     <span class='ocr_line' id='line_1_7' title="bbox 270 712 1279 804; baseline -0.008 -19"><span class='ocrx_word' id='word_1_47' title='bbox 270 723 458 804; x_wconf 70' lang='lat' dir='ltr'><strong>postponas.</strong></span> <span class='ocrx_word' id='word_1_48' title='bbox 541 717 584 784; x_wconf 85' lang='lat'>88</span> <span class='ocrx_word' id='word_1_49' title='bbox 620 738 668 783; x_wconf 92' lang='lat' dir='ltr'>an</span> <span class='ocrx_word' id='word_1_50' title='bbox 703 716 736 782; x_wconf 87' lang='lat' dir='ltr'>ai</span> <span class='ocrx_word' id='word_1_51' title='bbox 771 719 959 803; x_wconf 73' lang='lat' dir='ltr'>cognatos</span> <span class='ocrx_word' id='word_1_52' title='bbox 993 712 1101 786; x_wconf 84' lang='lat' dir='ltr'>nullo</span> <span class='ocrx_word' id='word_1_53' title='bbox 1137 717 1279 778; x_wconf 86' lang='lat' dir='ltr'>natura</span> 
     </span>
    </p>

    <p class='ocr_par' dir='ltr' id='par_1_8' title="bbox 269 799 1275 891">
     <span class='ocr_line' id='line_1_8' title="bbox 269 799 1275 891; baseline -0.007 -19"><span class='ocrx_word' id='word_1_54' title='bbox 269 805 401 873; x_wconf 86' lang='lat' dir='ltr'>labore</span> <span class='ocrx_word' id='word_1_55' title='bbox 437 826 531 891; x_wconf 86' lang='lat' dir='ltr'>quoa</span> <span class='ocrx_word' id='word_1_56' title='bbox 566 804 640 871; x_wconf 88' lang='lat' dir='ltr'>tibi</span> <span class='ocrx_word' id='word_1_57' title='bbox 676 803 742 870; x_wconf 88' lang='lat' dir='ltr'>dat</span> <span class='ocrx_word' id='word_1_58' title='bbox 767 803 936 870; x_wconf 85' lang='lat' dir='ltr'>retinere</span> <span class='ocrx_word' id='word_1_59' title='bbox 962 801 1062 868; x_wconf 81' lang='lat' dir='ltr'>uelis</span> <span class='ocrx_word' id='word_1_60' title='bbox 1088 799 1275 885; x_wconf 85' lang='lat' dir='ltr'>etreliqua.</span> 
     </span>
    </p>

    <p class='ocr_par' dir='ltr' id='par_1_9' title="bbox 270 887 1277 976">
     <span class='ocr_line' id='line_1_9' title="bbox 270 887 1277 976; baseline -0.007 -16"><span class='ocrx_word' id='word_1_61' title='bbox 270 915 383 960; x_wconf 82' lang='lat' dir='ltr'>reama</span> <span class='ocrx_word' id='word_1_62' title='bbox 405 897 469 959; x_wconf 73' lang='lat' dir='ltr'>erte</span> <span class='ocrx_word' id='word_1_63' title='bbox 492 913 535 960; x_wconf 88' lang='lat' dir='ltr'>an</span> <span class='ocrx_word' id='word_1_64' title='bbox 556 897 590 958; x_wconf 88' lang='lat' dir='ltr'>to</span> <span class='ocrx_word' id='word_1_65' title='bbox 611 895 708 976; x_wconf 76' lang='lat' dir='ltr'>putor</span> <span class='ocrx_word' id='word_1_66' title='bbox 730 891 777 956; x_wconf 79' lang='lat' dir='ltr'>ita</span> <span class='ocrx_word' id='word_1_67' title='bbox 799 911 931 975; x_wconf 86' lang='lat' dir='ltr'>operam</span> <span class='ocrx_word' id='word_1_68' title='bbox 952 889 1094 974; x_wconf 79' lang='lat' dir='ltr'>perdere,</span> <span class='ocrx_word' id='word_1_69' title='bbox 1116 887 1145 954; x_wconf 88' lang='lat' dir='ltr'>ai</span> <span class='ocrx_word' id='word_1_70' title='bbox 1157 907 1277 974; x_wconf 79' lang='lat' dir='ltr'>eogno-</span> 
     </span>
    </p>

    <p class='ocr_par' dir='ltr' id='par_1_10' title="bbox 269 975 1277 1066">
     <span class='ocr_line' id='line_1_10' title="bbox 269 975 1277 1066; baseline -0.007 -18"><span class='ocrx_word' id='word_1_71' title='bbox 269 987 335 1066; x_wconf 83' lang='lat' dir='ltr'>toa,</span> <span class='ocrx_word' id='word_1_72' title='bbox 356 1001 437 1066; x_wconf 82' lang='lat' dir='ltr'>quoa</span> <span class='ocrx_word' id='word_1_73' title='bbox 458 980 519 1047; x_wconf 86' lang='lat' dir='ltr'>tibi</span> <span class='ocrx_word' id='word_1_74' title='bbox 542 979 612 1046; x_wconf 89' lang='lat' dir='ltr'>aine</span> <span class='ocrx_word' id='word_1_75' title='bbox 633 979 744 1046; x_wconf 84' lang='lat' dir='ltr'>labore</span> <span class='ocrx_word' id='word_1_76' title='bbox 764 983 822 1045; x_wconf 89' lang='lat' dir='ltr'>tuo</span> <span class='ocrx_word' id='word_1_77' title='bbox 844 982 962 1044; x_wconf 85' lang='lat' dir='ltr'>natura</span> <span class='ocrx_word' id='word_1_78' title='bbox 982 975 1110 1060; x_wconf 85' lang='lat' dir='ltr'>tribuit,</span> <span class='ocrx_word' id='word_1_79' title='bbox 1137 976 1277 1042; x_wconf 86' lang='lat' dir='ltr'>retinere</span> 
     </span>
    </p>

    <p class='ocr_par' dir='ltr' id='par_1_11' title="bbox 231 1063 1278 1152">
     <span class='ocr_line' id='line_1_11' title="bbox 231 1063 1278 1152; baseline -0.006 -17"><span class='ocrx_word' id='word_1_80' title='bbox 231 1085 258 1128; x_wconf 84' lang='lat'>¹⁰</span> <span class='ocrx_word' id='word_1_81' title='bbox 269 1068 410 1135; x_wconf 76' lang='lat' dir='ltr'>uolueris</span> <span class='ocrx_word' id='word_1_82' title='bbox 440 1069 509 1134; x_wconf 87' lang='lat' dir='ltr'>aine</span> <span class='ocrx_word' id='word_1_83' title='bbox 540 1068 662 1134; x_wconf 85' lang='lat' dir='ltr'>amiooa</span> <span class='ocrx_word' id='word_1_84' title='bbox 689 1087 832 1152; x_wconf 71' lang='lat' dir='ltr'>seruare,</span> <span class='ocrx_word' id='word_1_85' title='bbox 862 1069 901 1132; x_wconf 88' lang='lat' dir='ltr'>ut</span> <span class='ocrx_word' id='word_1_86' title='bbox 922 1065 950 1131; x_wconf 85' lang='lat' dir='ltr'>ai</span> <span class='ocrx_word' id='word_1_87' title='bbox 972 1066 1028 1150; x_wconf 89' lang='lat' dir='ltr'>qni</span> <span class='ocrx_word' id='word_1_88' title='bbox 1049 1063 1130 1131; x_wconf 85' lang='lat' dir='ltr'>uelit</span> <span class='ocrx_word' id='word_1_89' title='bbox 1150 1064 1278 1130; x_wconf 85' lang='lat' dir='ltr'>arinum</span> 
     </span>
    </p>

    <p class='ocr_par' dir='ltr' id='par_1_12' title="bbox 269 1150 1278 1242">
     <span class='ocr_line' id='line_1_12' title="bbox 269 1150 1278 1242; baseline -0.004 -20"><span class='ocrx_word' id='word_1_90' title='bbox 269 1155 370 1222; x_wconf 83' lang='lat' dir='ltr'>ironia</span> <span class='ocrx_word' id='word_1_91' title='bbox 392 1177 513 1242; x_wconf 80' lang='lat' dir='ltr'>regare,</span> <span class='ocrx_word' id='word_1_92' title='bbox 540 1160 579 1222; x_wconf 86' lang='lat' dir='ltr'>nt</span> <span class='ocrx_word' id='word_1_93' title='bbox 605 1153 679 1240; x_wconf 91' lang='lat' dir='ltr'>equi</span> <span class='ocrx_word' id='word_1_94' title='bbox 705 1154 862 1242; x_wconf 78' lang='lat' dir='ltr'>iungetur</span> <span class='ocrx_word' id='word_1_95' title='bbox 889 1153 1005 1219; x_wconf 81' lang='lat' dir='ltr'>officio.</span> <span class='ocrx_word' id='word_1_96' title='bbox 1049 1157 1085 1218; x_wconf 82' lang='lat' dir='ltr'>et</span> <span class='ocrx_word' id='word_1_97' title='bbox 1105 1150 1169 1227; x_wconf 77' lang='lat' dir='ltr'>hoo</span> <span class='ocrx_word' id='word_1_98' title='bbox 1190 1151 1278 1218; x_wconf 90' lang='lat' dir='ltr'>uide·</span> 
     </span>
    </p>

    <p class='ocr_par' dir='ltr' id='par_1_13' title="bbox 87 1239 1279 1330">
     <span class='ocr_line' id='line_1_13' title="bbox 87 1239 1279 1330; baseline -0.008 -15"><span class='ocrx_word' id='word_1_99' title='bbox 87 1316 92 1324; x_wconf 85' lang='grc'><em>,</em></span> <span class='ocrx_word' id='word_1_100' title='bbox 129 1303 142 1316; x_wconf 92' lang='grc'><strong>.</strong></span> <span class='ocrx_word' id='word_1_101' title='bbox 269 1245 346 1310; x_wconf 83' lang='lat' dir='ltr'>lieet</span> <span class='ocrx_word' id='word_1_102' title='bbox 366 1243 406 1310; x_wconf 88' lang='lat' dir='ltr'>de</span> <span class='ocrx_word' id='word_1_103' title='bbox 428 1244 520 1310; x_wconf 73' lang='lat' dir='ltr'>asino</span> <span class='ocrx_word' id='word_1_104' title='bbox 550 1242 758 1330; x_wconf 84' lang='lat' dir='ltr'>prouerbium</span> <span class='ocrx_word' id='word_1_105' title='bbox 784 1247 843 1308; x_wconf 92' lang='lat' dir='ltr'>aut</span> <span class='ocrx_word' id='word_1_106' title='bbox 863 1239 1065 1326; x_wconf 77' lang='lat' dir='ltr'>prouerbiele</span> <span class='ocrx_word' id='word_1_107' title='bbox 1088 1261 1172 1324; x_wconf 84' lang='lat' dir='ltr'>oeae,</span> <span class='ocrx_word' id='word_1_108' title='bbox 1203 1240 1279 1325; x_wconf 90' lang='lat' dir='ltr'>quia</span> 
     </span>
    </p>

    <p class='ocr_par' dir='ltr' id='par_1_14' title="bbox 199 1327 1279 1422">
     <span class='ocr_line' id='line_1_14' title="bbox 199 1327 1279 1422; baseline -0.005 -23"><span class='ocrx_word' id='word_1_109' title='bbox 199 1412 205 1422; x_wconf 89' lang='lat'><strong>.</strong></span> <span class='ocrx_word' id='word_1_110' title='bbox 269 1331 445 1398; x_wconf 77' lang='lat' dir='ltr'>infacetum</span> <span class='ocrx_word' id='word_1_111' title='bbox 467 1335 564 1417; x_wconf 82' lang='lat' dir='ltr'>atquo</span> <span class='ocrx_word' id='word_1_112' title='bbox 586 1330 782 1397; x_wconf 86' lang='lat' dir='ltr'>inurbanum</span> <span class='ocrx_word' id='word_1_113' title='bbox 802 1329 880 1414; x_wconf 87' lang='lat' dir='ltr'>erit,</span> <span class='ocrx_word' id='word_1_114' title='bbox 912 1329 941 1394; x_wconf 88' lang='lat' dir='ltr'>ai</span> <span class='ocrx_word' id='word_1_115' title='bbox 962 1331 1112 1414; x_wconf 79' lang='lat' dir='ltr'>putemur</span> <span class='ocrx_word' id='word_1_116' title='bbox 1133 1327 1212 1394; x_wconf 90' lang='lat' dir='ltr'>illud</span> <span class='ocrx_word' id='word_1_117' title='bbox 1236 1328 1279 1394; x_wconf 83' lang='lat' dir='ltr'>ad</span> 
     </span>
    </p>

    <p class='ocr_par' dir='ltr' id='par_1_15' title="bbox 270 1415 1283 1505">
     <span class='ocr_line' id='line_1_15' title="bbox 270 1415 1283 1505; baseline -0.006 -18"><span class='ocrx_word' id='word_1_118' title='bbox 270 1441 423 1505; x_wconf 83' lang='lat' dir='ltr'>praeeana</span> <span class='ocrx_word' id='word_1_119' title='bbox 445 1441 466 1486; x_wconf 87' lang='lat' dir='ltr'>a</span> <span class='ocrx_word' id='word_1_120' title='bbox 487 1425 584 1505; x_wconf 75' lang='lat' dir='ltr'>poeta</span> <span class='ocrx_word' id='word_1_121' title='bbox 605 1419 717 1486; x_wconf 86' lang='lat' dir='ltr'>dotum</span> <span class='ocrx_word' id='word_1_122' title='bbox 738 1439 819 1486; x_wconf 82' lang='lat' dir='ltr'>ame.</span> <span class='ocrx_word' id='word_1_123' title='bbox 893 1417 937 1484; x_wconf 83' lang='lat'>93</span> <span class='ocrx_word' id='word_1_124' title='bbox 969 1421 1008 1483; x_wconf 82' lang='lat' dir='ltr'>at</span> <span class='ocrx_word' id='word_1_125' title='bbox 1028 1415 1145 1483; x_wconf 77' lang='lat' dir='ltr'>finire</span> <span class='ocrx_word' id='word_1_126' title='bbox 1167 1416 1283 1482; x_wconf 90' lang='lat' dir='ltr'>labo·-</span> 
     </span>
    </p>

    <p class='ocr_par' dir='ltr' id='par_1_16' title="bbox 230 1503 1274 1593">
     <span class='ocr_line' id='line_1_16' title="bbox 230 1503 1274 1593; baseline -0.005 -19"><span class='ocrx_word' id='word_1_127' title='bbox 230 1524 346 1574; x_wconf 70' lang='lat' dir='ltr'>urem</span> <span class='ocrx_word' id='word_1_128' title='bbox 367 1507 534 1593; x_wconf 87' lang='lat' dir='ltr'>iuoipiaa</span> <span class='ocrx_word' id='word_1_129' title='bbox 556 1511 668 1592; x_wconf 84' lang='lat' dir='ltr'>parto</span> <span class='ocrx_word' id='word_1_130' title='bbox 691 1506 789 1592; x_wconf 90' lang='lat' dir='ltr'>quod</span> <span class='ocrx_word' id='word_1_131' title='bbox 811 1504 981 1572; x_wconf 83' lang='lat' dir='ltr'>hauebaa</span> <span class='ocrx_word' id='word_1_132' title='bbox 1007 1503 1069 1572; x_wconf 87' lang='lat' dir='ltr'>hoo</span> <span class='ocrx_word' id='word_1_133' title='bbox 1091 1509 1153 1570; x_wconf 86' lang='lat' dir='ltr'>eat:</span> <span class='ocrx_word' id='word_1_134' title='bbox 1189 1504 1274 1590; x_wconf 90' lang='lat' dir='ltr'>quod</span> 
     </span>
    </p>

    <p class='ocr_par' dir='ltr' id='par_1_17' title="bbox 270 1592 1278 1681">
     <span class='ocr_line' id='line_1_17' title="bbox 270 1592 1278 1681; baseline -0.005 -19"><span class='ocrx_word' id='word_1_135' title='bbox 270 1599 443 1681; x_wconf 84' lang='lat' dir='ltr'>antequam</span> <span class='ocrx_word' id='word_1_136' title='bbox 465 1594 599 1662; x_wconf 79' lang='lat' dir='ltr'>haberer</span> <span class='ocrx_word' id='word_1_137' title='bbox 622 1595 766 1678; x_wconf 83' lang='lat' dir='ltr'>diuitiae,</span> <span class='ocrx_word' id='word_1_138' title='bbox 787 1593 893 1660; x_wconf 78' lang='lat' dir='ltr'>faeere</span> <span class='ocrx_word' id='word_1_139' title='bbox 915 1592 1067 1679; x_wconf 76' lang='lat' dir='ltr'>cupiebas</span> <span class='ocrx_word' id='word_1_140' title='bbox 1095 1592 1124 1658; x_wconf 87' lang='lat' dir='ltr'>ai</span> <span class='ocrx_word' id='word_1_141' title='bbox 1145 1613 1200 1658; x_wconf 85' lang='lat' dir='ltr'>eaa</span> <span class='ocrx_word' id='word_1_142' title='bbox 1223 1614 1278 1678; x_wconf 86' lang='lat' dir='ltr'>pa·</span> 
     </span>
    </p>

    <p class='ocr_par' dir='ltr' id='par_1_18' title="bbox 203 1681 1278 1750">
     <span class='ocr_line' id='line_1_18' title="bbox 203 1681 1278 1750; baseline -0.006 1"><span class='ocrx_word' id='word_1_143' title='bbox 203 1696 211 1716; x_wconf 88' lang='lat'>‘</span> <span class='ocrx_word' id='word_1_144' title='bbox 269 1704 383 1750; x_wconf 78' lang='lat' dir='ltr'>turrea.</span> <span class='ocrx_word' id='word_1_145' title='bbox 462 1683 507 1750; x_wconf 82' lang='lat'>95</span> <span class='ocrx_word' id='word_1_146' title='bbox 541 1683 648 1750; x_wconf 80' lang='lat' dir='ltr'>diues</span> <span class='ocrx_word' id='word_1_147' title='bbox 679 1686 722 1749; x_wconf 88' lang='lat' dir='ltr'>ut</span> <span class='ocrx_word' id='word_1_148' title='bbox 751 1683 955 1749; x_wconf 71' lang='lat' dir='ltr'><strong>metiretur</strong></span> <span class='ocrx_word' id='word_1_149' title='bbox 1008 1701 1182 1747; x_wconf 89' lang='lat' dir='ltr'>nummoa</span> <span class='ocrx_word' id='word_1_150' title='bbox 1214 1681 1278 1746; x_wconf 90' lang='lat' dir='ltr'>hoo</span> 
     </span>
    </p>

    <p class='ocr_par' dir='ltr' id='par_1_19' title="bbox 269 1768 1279 1857">
     <span class='ocr_line' id='line_1_19' title="bbox 269 1768 1279 1857; baseline -0.003 -19"><span class='ocrx_word' id='word_1_151' title='bbox 269 1776 331 1838; x_wconf 85' lang='lat' dir='ltr'>eat:</span> <span class='ocrx_word' id='word_1_152' title='bbox 360 1771 441 1838; x_wconf 84' lang='lat' dir='ltr'>adeo</span> <span class='ocrx_word' id='word_1_153' title='bbox 463 1771 567 1856; x_wconf 85' lang='lat' dir='ltr'>diuea,</span> <span class='ocrx_word' id='word_1_154' title='bbox 601 1775 635 1838; x_wconf 89' lang='lat' dir='ltr'>et</span> <span class='ocrx_word' id='word_1_155' title='bbox 660 1770 733 1837; x_wconf 91' lang='lat' dir='ltr'>ideo</span> <span class='ocrx_word' id='word_1_156' title='bbox 759 1769 1024 1857; x_wconf 73' lang='lat' dir='ltr'>pronuntiatione</span> <span class='ocrx_word' id='word_1_157' title='bbox 1051 1768 1279 1835; x_wconf 90' lang='lat' dir='ltr'>adiuuandum.</span> 
     </span>
    </p>

    <p class='ocr_par' dir='ltr' id='par_1_20' title="bbox 358 1855 1277 1948">
     <span class='ocr_line' id='line_1_20' title="bbox 358 1855 1277 1948; baseline -0.003 -22"><span class='ocrx_word' id='word_1_158' title='bbox 358 1859 402 1926; x_wconf 85' lang='grc'>98</span> <span class='ocrx_word' id='word_1_159' title='bbox 431 1863 471 1926; x_wconf 84' lang='lat' dir='ltr'>at</span> <span class='ocrx_word' id='word_1_160' title='bbox 499 1859 600 1926; x_wconf 87' lang='lat' dir='ltr'>huno</span> <span class='ocrx_word' id='word_1_161' title='bbox 631 1859 775 1948; x_wconf 81' lang='lat' dir='ltr'>liberta</span> <span class='ocrx_word' id='word_1_162' title='bbox 801 1857 927 1926; x_wconf 85' lang='lat' dir='ltr'>aeouri</span> <span class='ocrx_word' id='word_1_163' title='bbox 949 1855 1088 1924; x_wconf 81' lang='lat' dir='ltr'>diuisit</span> <span class='ocrx_word' id='word_1_164' title='bbox 1109 1855 1277 1923; x_wconf 88' lang='lat' dir='ltr'>medium</span> 
     </span>
    </p>

    <p class='ocr_par' dir='ltr' id='par_1_21' title="bbox 229 1941 1277 2032">
     <span class='ocr_line' id='line_1_21' title="bbox 229 1941 1277 2032; baseline -0.005 -18"><span class='ocrx_word' id='word_1_165' title='bbox 229 1946 487 2014; x_wconf 65' lang='lat' dir='ltr'>”fortissima</span> <span class='ocrx_word' id='word_1_166' title='bbox 508 1946 822 2032; x_wconf 75' lang='lat' dir='ltr'>Tyndaridarum.</span> <span class='ocrx_word' id='word_1_167' title='bbox 866 1947 1044 2032; x_wconf 78' lang='lat' dir='ltr'>eleganter,</span> <span class='ocrx_word' id='word_1_168' title='bbox 1070 1944 1146 2030; x_wconf 89' lang='lat' dir='ltr'>quia</span> <span class='ocrx_word' id='word_1_169' title='bbox 1169 1941 1277 2030; x_wconf 81' lang='lat' dir='ltr'>Clyte·</span> 
     </span>
    </p>

    <p class='ocr_par' dir='ltr' id='par_1_22' title="bbox 148 2034 1278 2122">
     <span class='ocr_line' id='line_1_22' title="bbox 148 2034 1278 2122; baseline -0.003 -19"><span class='ocrx_word' id='word_1_170' title='bbox 148 2101 153 2110; x_wconf 83' lang='grc'><strong>,</strong></span> <span class='ocrx_word' id='word_1_171' title='bbox 269 2040 414 2102; x_wconf 67' lang='lat' dir='ltr'>menate</span> <span class='ocrx_word' id='word_1_172' title='bbox 434 2034 600 2120; x_wconf 80' lang='lat' dir='ltr'>Tyndarei</span> <span class='ocrx_word' id='word_1_173' title='bbox 620 2035 685 2102; x_wconf 81' lang='lat' dir='ltr'>fuit</span> <span class='ocrx_word' id='word_1_174' title='bbox 706 2035 783 2122; x_wconf 80' lang='lat' dir='ltr'>filia,</span> <span class='ocrx_word' id='word_1_175' title='bbox 804 2054 887 2122; x_wconf 87' lang='lat' dir='ltr'>quaa</span> <span class='ocrx_word' id='word_1_176' title='bbox 908 2035 1188 2120; x_wconf 80' lang='lat' dir='ltr'>Agamemnonem</span> <span class='ocrx_word' id='word_1_177' title='bbox 1211 2055 1278 2100; x_wconf 86' lang='lat' dir='ltr'>ma·</span> 
     </span>
    </p>

    <p class='ocr_par' dir='ltr' id='par_1_23' title="bbox 268 2121 1278 2208">
     <span class='ocr_line' id='line_1_23' title="bbox 268 2121 1278 2208; baseline -0.005 -18"><span class='ocrx_word' id='word_1_178' title='bbox 268 2123 367 2190; x_wconf 83' lang='lat' dir='ltr'>ritum</span> <span class='ocrx_word' id='word_1_179' title='bbox 402 2123 506 2190; x_wconf 78' lang='lat' dir='ltr'>recturi</span> <span class='ocrx_word' id='word_1_180' title='bbox 537 2123 703 2208; x_wconf 78' lang='lat' dir='ltr'>percurrit</span> <span class='ocrx_word' id='word_1_181' title='bbox 794 2123 854 2189; x_wconf 92' lang='lat'>101</span> <span class='ocrx_word' id='word_1_182' title='bbox 898 2121 987 2207; x_wconf 90' lang='lat' dir='ltr'>quid</span> <span class='ocrx_word' id='word_1_183' title='bbox 1023 2122 1116 2186; x_wconf 79' lang='lat' dir='ltr'>muln</span> <span class='ocrx_word' id='word_1_184' title='bbox 1151 2126 1278 2206; x_wconf 77' lang='lat' dir='ltr'>igitur</span> 
     </span>
    </p>

    <p class='ocr_par' dir='ltr' id='par_1_24' title="bbox 268 2205 1276 2279">
     <span class='ocr_line' id='line_1_24' title="bbox 268 2205 1276 2279; baseline -0.005 0"><span class='ocrx_word' id='word_1_185' title='bbox 268 2210 406 2279; x_wconf 77' lang='lat' dir='ltr'>suadeo</span> <span class='ocrx_word' id='word_1_186' title='bbox 437 2214 480 2278; x_wconf 89' lang='lat' dir='ltr'>ut</span> <span class='ocrx_word' id='word_1_187' title='bbox 509 2210 635 2278; x_wconf 86' lang='lat' dir='ltr'>uiuam</span> <span class='ocrx_word' id='word_1_188' title='bbox 665 2209 835 2278; x_wconf 77' lang='lat' dir='ltr'>Naeuius</span> <span class='ocrx_word' id='word_1_189' title='bbox 866 2212 934 2276; x_wconf 90' lang='lat' dir='ltr'>ant</span> <span class='ocrx_word' id='word_1_190' title='bbox 964 2209 1019 2276; x_wconf 87' lang='lat' dir='ltr'>aia</span> <span class='ocrx_word' id='word_1_191' title='bbox 1046 2213 1089 2276; x_wconf 83' lang='lat' dir='ltr'>ut</span> <span class='ocrx_word' id='word_1_192' title='bbox 1108 2205 1276 2275; x_wconf 86' lang='lat' dir='ltr'>Nomen·</span> 
     </span>
    </p>

    <p class='ocr_par' dir='ltr' id='par_1_25' title="bbox 84 2293 1352 2480">
     <span class='ocr_line' id='line_1_25' title="bbox 90 2293 1276 2386; baseline -0.003 -21"><span class='ocrx_word' id='word_1_193' title='bbox 90 2358 94 2373; x_wconf 89' lang='grc'>,</span> <span class='ocrx_word' id='word_1_194' title='bbox 267 2304 391 2366; x_wconf 80' lang='lat' dir='ltr'>tenua.</span> <span class='ocrx_word' id='word_1_195' title='bbox 435 2299 516 2366; x_wconf 81' lang='lat' dir='ltr'>haee</span> <span class='ocrx_word' id='word_1_196' title='bbox 546 2319 604 2386; x_wconf 85' lang='lat' dir='ltr'>per</span> <span class='ocrx_word' id='word_1_197' title='bbox 634 2293 881 2383; x_wconf 69' lang='grc' dir='ltr'><strong><em>ἆνθνκοφορὰν</em></strong></span> <span class='ocrx_word' id='word_1_198' title='bbox 911 2297 1007 2384; x_wconf 78' lang='lat' dir='ltr'>fingit</span> <span class='ocrx_word' id='word_1_199' title='bbox 1031 2296 1096 2363; x_wconf 82' lang='lat' dir='ltr'>eibi</span> <span class='ocrx_word' id='word_1_200' title='bbox 1116 2296 1276 2363; x_wconf 74' lang='lat' dir='ltr'>dicentem</span> 
     </span>
     <span class='ocr_line' id='line_1_26' title="bbox 84 2383 1352 2480; baseline -0.002 -25"><span class='ocrx_word' id='word_1_201' title='bbox 84 2425 87 2432; x_wconf 95' lang='lat'>·</span> <span class='ocrx_word' id='word_1_202' title='bbox 227 2405 255 2447; x_wconf 64' lang='grc' dir='ltr'><strong>υ</strong></span> <span class='ocrx_word' id='word_1_203' title='bbox 268 2409 351 2474; x_wconf 87' lang='lat' dir='ltr'>enm,</span> <span class='ocrx_word' id='word_1_204' title='bbox 373 2407 468 2473; x_wconf 88' lang='lat' dir='ltr'>quem</span> <span class='ocrx_word' id='word_1_205' title='bbox 490 2386 681 2473; x_wconf 85' lang='lat' dir='ltr'>adloquitur.</span> <span class='ocrx_word' id='word_1_206' title='bbox 725 2385 759 2453; x_wconf 87' lang='lat' dir='ltr'>N</span> <span class='ocrx_word' id='word_1_207' title='bbox 762 2387 895 2453; x_wconf 85' lang='lat' dir='ltr'>aeuiua</span> <span class='ocrx_word' id='word_1_208' title='bbox 926 2390 1035 2452; x_wconf 80' lang='lat' dir='ltr'>autem</span> <span class='ocrx_word' id='word_1_209' title='bbox 1062 2383 1126 2452; x_wconf 79' lang='lat' dir='ltr'>fuit</span> <span class='ocrx_word' id='word_1_210' title='bbox 1146 2385 1181 2452; x_wconf 92' lang='lat' dir='ltr'>in</span> <span class='ocrx_word' id='word_1_211' title='bbox 1203 2391 1274 2452; x_wconf 85' lang='lat' dir='ltr'>tan·</span> <span class='ocrx_word' id='word_1_212' title='bbox 1351 2411 1352 2480; x_wconf 51' lang='grc' dir='ltr'>ι</span> 
     </span>
    </p>

    <p class='ocr_par' dir='ltr' id='par_1_26' title="bbox 86 2473 1274 2562">
     <span class='ocr_line' id='line_1_27' title="bbox 86 2473 1274 2562; baseline -0.002 -20"><span class='ocrx_word' id='word_1_213' title='bbox 86 2531 94 2560; x_wconf 71' lang='lat'>=</span> <span class='ocrx_word' id='word_1_214' title='bbox 266 2481 336 2542; x_wconf 88' lang='lat' dir='ltr'>tum</span> <span class='ocrx_word' id='word_1_215' title='bbox 367 2496 496 2562; x_wconf 80' lang='lat' dir='ltr'>perena,</span> <span class='ocrx_word' id='word_1_216' title='bbox 535 2481 573 2542; x_wconf 84' lang='lat' dir='ltr'>ut</span> <span class='ocrx_word' id='word_1_217' title='bbox 608 2474 755 2542; x_wconf 77' lang='lat' dir='ltr'>sordidae</span> <span class='ocrx_word' id='word_1_218' title='bbox 785 2474 901 2541; x_wconf 88' lang='lat' dir='ltr'>merito</span> <span class='ocrx_word' id='word_1_219' title='bbox 932 2473 1119 2559; x_wconf 79' lang='lat' dir='ltr'>haberetur3</span> <span class='ocrx_word' id='word_1_220' title='bbox 1155 2473 1274 2541; x_wconf 82' lang='lat' dir='ltr'>Luaiua</span> 
     </span>
    </p>

    <p class='ocr_par' dir='ltr' id='par_1_27' title="bbox 88 2561 1275 2648">
     <span class='ocr_line' id='line_1_28' title="bbox 88 2561 1275 2648; baseline -0.002 -17"><span class='ocrx_word' id='word_1_221' title='bbox 88 2602 92 2613; x_wconf 91' lang='lat'>·</span> <span class='ocrx_word' id='word_1_222' title='bbox 157 2607 166 2622; x_wconf 88' lang='lat'><strong>·</strong></span> <span class='ocrx_word' id='word_1_223' title='bbox 266 2568 375 2630; x_wconf 83' lang='lat' dir='ltr'>autem</span> <span class='ocrx_word' id='word_1_224' title='bbox 396 2568 511 2630; x_wconf 75' lang='lat' dir='ltr'>eontra</span> <span class='ocrx_word' id='word_1_225' title='bbox 532 2561 662 2631; x_wconf 65' lang='lat' dir='ltr'>ennius</span> <span class='ocrx_word' id='word_1_226' title='bbox 684 2561 910 2630; x_wconf 77' lang='lat' dir='ltr'>Nomentanus</span> <span class='ocrx_word' id='word_1_227' title='bbox 931 2562 1012 2629; x_wconf 85' lang='lat' dir='ltr'>adeo</span> <span class='ocrx_word' id='word_1_228' title='bbox 1035 2562 1105 2628; x_wconf 87' lang='lat' dir='ltr'>aine</span> <span class='ocrx_word' id='word_1_229' title='bbox 1126 2565 1275 2648; x_wconf 81' lang='lat' dir='ltr'>respectu</span> 
     </span>
    </p>

    <p class='ocr_par' dir='ltr' id='par_1_28' title="bbox 85 2649 1275 2738">
     <span class='ocr_line' id='line_1_29' title="bbox 85 2649 1275 2738; baseline -0.003 -19"><span class='ocrx_word' id='word_1_230' title='bbox 85 2651 94 2729; x_wconf 72' lang='grc' dir='ltr'>ξ</span> <span class='ocrx_word' id='word_1_231' title='bbox 225 2701 227 2706; x_wconf 74' lang='lat'><em>·</em></span> <span class='ocrx_word' id='word_1_232' title='bbox 267 2651 462 2719; x_wconf 79' lang='lat' dir='ltr'>calculorum</span> <span class='ocrx_word' id='word_1_233' title='bbox 485 2673 617 2718; x_wconf 85' lang='lat' dir='ltr'>moram</span> <span class='ocrx_word' id='word_1_234' title='bbox 638 2651 802 2738; x_wconf 79' lang='lat' dir='ltr'>prodigus,</span> <span class='ocrx_word' id='word_1_235' title='bbox 824 2655 862 2718; x_wconf 89' lang='lat' dir='ltr'>ut</span> <span class='ocrx_word' id='word_1_236' title='bbox 883 2649 1068 2717; x_wconf 82' lang='lat' dir='ltr'>aeatertium</span> <span class='ocrx_word' id='word_1_237' title='bbox 1090 2649 1275 2738; x_wconf 77' lang='lat' dir='ltr'>septuagies</span> 
     </span>
    </p>

    <p class='ocr_par' dir='ltr' id='par_1_29' title="bbox 268 2737 1275 2826">
     <span class='ocr_line' id='line_1_30' title="bbox 268 2737 1275 2826; baseline -0.001 -20"><span class='ocrx_word' id='word_1_238' title='bbox 268 2739 363 2826; x_wconf 68' lang='lat' dir='ltr'>gulae</span> <span class='ocrx_word' id='word_1_239' title='bbox 389 2760 427 2806; x_wconf 85' lang='lat' dir='ltr'>aa</span> <span class='ocrx_word' id='word_1_240' title='bbox 448 2739 575 2806; x_wconf 88' lang='lat' dir='ltr'>libidini</span> <span class='ocrx_word' id='word_1_241' title='bbox 601 2739 793 2824; x_wconf 83' lang='lat' dir='ltr'>inpenderit</span> <span class='ocrx_word' id='word_1_242' title='bbox 836 2738 933 2806; x_wconf 81' lang='lat' dir='ltr'>huius</span> <span class='ocrx_word' id='word_1_243' title='bbox 960 2737 1111 2805; x_wconf 87' lang='lat' dir='ltr'>libertum</span> <span class='ocrx_word' id='word_1_244' title='bbox 1137 2737 1275 2805; x_wconf 89' lang='lat' dir='ltr'>Damam</span> 
     </span>
    </p>
   </div>
   <div class='ocr_carea' id='block_1_3' title="bbox 228 2823 1275 2982">
    <p class='ocr_par' dir='ltr' id='par_1_30' title="bbox 86 2790 1275 2982">
     <span class='ocr_line' id='line_1_31' title="bbox 228 2823 1275 2930; baseline 0.003 -38.642"><span class='ocrx_word' id='word_1_245' title='bbox 228 2827 400 2893; x_wconf 71' lang='lat' dir='ltr'>eonomine</span> <span class='ocrx_word' id='word_1_246' title='bbox 422 2847 535 2930; x_wconf 78' lang='lat' dir='ltr'>eorum</span> <span class='ocrx_word' id='word_1_247' title='bbox 559 2826 730 2930; x_wconf 72' lang='lat' dir='ltr'>Saduatiua</span> <span class='ocrx_word' id='word_1_248' title='bbox 752 2823 886 2930; x_wconf 71' lang='lat' dir='ltr'>Crispus</span> <span class='ocrx_word' id='word_1_249' title='bbox 907 2826 1114 2893; x_wconf 73' lang='lat' dir='ltr'>historiarum</span> <span class='ocrx_word' id='word_1_250' title='bbox 1137 2827 1275 2914; x_wconf 84' lang='lat' dir='ltr'>eoriptor</span> 
     </span>
     <span class='ocr_line' id='line_1_32' title="bbox 266 2913 1273 2982; baseline 0.002 -2"><span class='ocrx_word' id='word_1_251' title='bbox 266 2913 371 2980; x_wconf 80' lang='lat' dir='ltr'>fertur</span> <span class='ocrx_word' id='word_1_252' title='bbox 400 2919 545 2980; x_wconf 85' lang='lat' dir='ltr'>eeutemr</span> <span class='ocrx_word' id='word_1_253' title='bbox 576 2914 706 2980; x_wconf 86' lang='lat' dir='ltr'>nnhbua</span> <span class='ocrx_word' id='word_1_254' title='bbox 738 2937 856 2981; x_wconf 84' lang='lat' dir='ltr'>annma</span> <span class='ocrx_word' id='word_1_255' title='bbox 890 2913 1085 2981; x_wconf 75' lang='lat' dir='ltr'>conductum</span> <span class='ocrx_word' id='word_1_256' title='bbox 1113 2913 1273 2982; x_wconf 84' lang='lat' dir='ltr'>habuiare.</span> 
     </span>
    </p>
   </div>
   <div class='ocr_carea' id='block_1_4' title="bbox 358 3001 1271 3090">
    <p class='ocr_par' dir='ltr' id='par_1_31' title="bbox 358 3001 1271 3090">
     <span class='ocr_line' id='line_1_33' title="bbox 358 3001 1271 3090; baseline 0.003 -21"><span class='ocrx_word' id='word_1_257' title='bbox 358 3001 422 3070; x_wconf 77' lang='lat'>105</span> <span class='ocrx_word' id='word_1_258' title='bbox 444 3007 504 3070; x_wconf 84' lang='lat' dir='ltr'>eat</span> <span class='ocrx_word' id='word_1_259' title='bbox 524 3003 627 3071; x_wconf 86' lang='lat' dir='ltr'>inter</span> <span class='ocrx_word' id='word_1_260' title='bbox 647 3002 796 3070; x_wconf 82' lang='lat' dir='ltr'>Tanain</span> <span class='ocrx_word' id='word_1_261' title='bbox 818 3003 1006 3089; x_wconf 88' lang='lat' dir='ltr'>quiddam.</span> <span class='ocrx_word' id='word_1_262' title='bbox 1036 3001 1156 3070; x_wconf 74' lang='lat' dir='ltr'>Tanais</span> <span class='ocrx_word' id='word_1_263' title='bbox 1170 3003 1271 3090; x_wconf 81' lang='lat' dir='ltr'>epodo</span> 
     </span>
    </p>
   </div>
   <div class='ocr_carea' id='block_1_5' title="bbox 89 3177 1277 3678">
    <p class='ocr_par' dir='ltr' id='par_1_32' title="bbox 89 3177 1277 3678">
     <span class='ocr_line' id='line_1_34' title="bbox 89 3177 1079 3306; baseline 0.001 -1"><span class='ocrx_word' id='word_1_264' title='bbox 89 3204 95 3223; x_wconf 92' lang='lat'><strong>·</strong></span> <span class='ocrx_word' id='word_1_265' title='bbox 205 3259 213 3272; x_wconf 80' lang='lat'><strong>·</strong></span> <span class='ocrx_word' id='word_1_266' title='bbox 266 3180 571 3306; x_wconf 46' lang='lat' dir='ltr'>mirone</span> <span class='ocrx_word' id='word_1_267' title='bbox 703 3177 742 3234; x_wconf 70' lang='lat'>²¹</span> <span class='ocrx_word' id='word_1_268' title='bbox 993 3193 1031 3234; x_wconf 53' lang='grc' dir='ltr'>ι</span> <span class='ocrx_word' id='word_1_269' title='bbox 1047 3195 1079 3234; x_wconf 59' lang='lat'>”²</span> 
     </span>
     <span class='ocr_line' id='line_1_35' title="bbox 339 3249 1277 3378; baseline 0 -2"><span class='ocrx_word' id='word_1_270' title='bbox 339 3323 373 3378; x_wconf 75' lang='lat'>10</span> <span class='ocrx_word' id='word_1_271' title='bbox 389 3319 455 3377; x_wconf 90' lang='lat' dir='ltr'>rdeo</span> <span class='ocrx_word' id='word_1_272' title='bbox 471 3319 550 3376; x_wconf 79' lang='lat' dir='ltr'>draeo</span> <span class='ocrx_word' id='word_1_273' title='bbox 568 3267 607 3376; x_wconf 80' lang='lat' dir='ltr'>dl</span> <span class='ocrx_word' id='word_1_274' title='bbox 676 3326 711 3378; x_wconf 76' lang='lat'>20</span> <span class='ocrx_word' id='word_1_275' title='bbox 727 3257 933 3376; x_wconf 60' lang='lat' dir='ltr'>tddandddnm</span> <span class='ocrx_word' id='word_1_276' title='bbox 951 3319 990 3376; x_wconf 73' lang='grc' dir='ltr'><em>Μ</em></span> <span class='ocrx_word' id='word_1_277' title='bbox 1043 3255 1092 3376; x_wconf 54' lang='lat'>13¹</span> <span class='ocrx_word' id='word_1_278' title='bbox 1111 3249 1277 3376; x_wconf 56' lang='lat' dir='ltr'>monadi</span> 
     </span>
     <span class='ocr_line' id='line_1_36' title="bbox 265 3390 1277 3534; baseline -0.002 -14"><span class='ocrx_word' id='word_1_279' title='bbox 265 3407 322 3462; x_wconf 71' lang='lat'>‘¹²‘</span> <span class='ocrx_word' id='word_1_280' title='bbox 336 3390 666 3521; x_wconf 54' lang='lat' dir='ltr'>midam</span> <span class='ocrx_word' id='word_1_281' title='bbox 738 3395 783 3519; x_wconf 67' lang='grc' dir='ltr'>’ξι</span> <span class='ocrx_word' id='word_1_282' title='bbox 799 3390 1000 3519; x_wconf 68' lang='grc' dir='ltr'>“ἓῖ“ιῖ“ι.”.ιε</span> <span class='ocrx_word' id='word_1_283' title='bbox 1023 3391 1277 3534; x_wconf 57' lang='grc' dir='ltr'>888Ἢὲιέ</span> 
     </span>
     <span class='ocr_line' id='line_1_37' title="bbox 266 3531 1275 3603; baseline 0 -13"><span class='ocrx_word' id='word_1_284' title='bbox 266 3533 306 3590; x_wconf 76' lang='lat' dir='ltr'>u</span> <span class='ocrx_word' id='word_1_285' title='bbox 373 3537 408 3592; x_wconf 74' lang='grc'>28</span> <span class='ocrx_word' id='word_1_286' title='bbox 425 3531 604 3591; x_wconf 70' lang='lat' dir='ltr'>numnam</span> <span class='ocrx_word' id='word_1_287' title='bbox 620 3535 718 3590; x_wconf 82' lang='lat' dir='ltr'>eontra</span> <span class='ocrx_word' id='word_1_288' title='bbox 735 3533 772 3590; x_wconf 76' lang='lat' dir='ltr'><em>u</em></span> <span class='ocrx_word' id='word_1_289' title='bbox 847 3535 943 3590; x_wconf 79' lang='lat' dir='ltr'>autem</span> <span class='ocrx_word' id='word_1_290' title='bbox 960 3547 1011 3590; x_wconf 71' lang='lat' dir='ltr'>ore.</span> <span class='ocrx_word' id='word_1_291' title='bbox 1030 3551 1049 3603; x_wconf 80' lang='grc' dir='ltr'>ς</span> <span class='ocrx_word' id='word_1_292' title='bbox 1119 3537 1154 3589; x_wconf 69' lang='grc'>28</span> <span class='ocrx_word' id='word_1_293' title='bbox 1177 3531 1275 3590; x_wconf 76' lang='lat' dir='ltr'>reiter-</span> 
     </span>
     <span class='ocr_line' id='line_1_38' title="bbox 265 3602 1277 3678; baseline 0 -16"><span class='ocrx_word' id='word_1_294' title='bbox 265 3621 339 3662; x_wconf 78' lang='lat' dir='ltr'>orn</span> <span class='ocrx_word' id='word_1_295' title='bbox 353 3603 393 3663; x_wconf 73' lang='grc' dir='ltr'><strong><em>Π</em></strong></span> <span class='ocrx_word' id='word_1_296' title='bbox 442 3609 478 3664; x_wconf 72' lang='lat'>8⁹</span> <span class='ocrx_word' id='word_1_297' title='bbox 496 3603 626 3678; x_wconf 64' lang='lat' dir='ltr'>sunu</span> <span class='ocrx_word' id='word_1_298' title='bbox 657 3603 789 3663; x_wconf 77' lang='lat' dir='ltr'>libertam</span> <span class='ocrx_word' id='word_1_299' title='bbox 803 3605 843 3662; x_wconf 76' lang='lat' dir='ltr'><em>u</em></span> <span class='ocrx_word' id='word_1_300' title='bbox 893 3602 1277 3663; x_wconf 70' lang='lat' dir='ltr'>romeummluueunu</span> 
     </span>
    </p>
   </div>
   <div class='ocr_carea' id='block_1_6' title="bbox 0 0 1358 3842">
    <p class='ocr_par' dir='ltr' id='par_1_33' title="bbox 0 0 1358 3842">
     <span class='ocr_line' id='line_1_39' title="bbox 0 0 1358 3842; baseline 0 1"><span class='ocrx_word' id='word_1_301' title='bbox 0 0 1358 3842; x_wconf 95' lang='lat' dir='ltr'> </span> 
     </span>
    </p>
   </div>
   <div class='ocr_carea' id='block_1_7' title="bbox 1350 2495 1356 3768">
    <p class='ocr_par' dir='ltr' id='par_1_34' title="bbox 1350 2495 1356 3768">
     <span class='ocr_line' id='line_1_40' title="bbox 1350 2495 1356 3768; baseline 0 0"><span class='ocrx_word' id='word_1_302' title='bbox 1350 2495 1356 3768; x_wconf 95' lang='lat' dir='ltr'> </span> 
     </span>
    </p>
   </div>
  </div>
 </body>
</html>
