2708 3842
292 22 356 91 196
616 17 738 76 sunno
756 18 778 89 1,
796 23 822 87 a,
839 23 971 75 cr-ror.

290 187 366 255 licet
395 185 567 251 utilitatem
599 179 805 268 pulcritudini
836 183 1081 266 praeponentes,
1132 180 1194 248 hcc
1217 204 1295 270 crgo

291 275 369 342 dicit
398 291 657 376 unumquemque
687 268 803 335 debere
837 266 943 334 iacere
980 269 1065 336 circa
1099 271 1295 356 contempla·

290 363 412 430 tionem
438 359 595 445 mnheris,
625 362 663 425 nt
687 357 792 446 magis
823 357 997 425 utilitatem
1028 379 1124 446 quam
1157 359 1295 446 speciem

291 451 414 520 iormce
445 449 514 518 eius
542 453 599 517 aut
624 448 781 516 natalium
807 451 955 516 sectetur.
1045 448 1087 516 91
1115 446 1296 537 Hypsaea

264 541 451 611 scaccior.
508 537 615 607 Plotia
644 536 798 626 Hypsaea
832 537 967 606 uitiosos
999 539 1110 606 oculos
1144 539 1295 608 habuisse

292 631 421 714 dicitin5
454 651 549 716 quam
576 628 630 695 hic
657 648 765 694 amare
785 627 821 693 in
844 628 984 694 transitu
1005 629 1171 714 percussit.
1251 629 1296 697 94

290 723 486 787 matronae
512 721 667 804 praeter
692 714 831 782 faciem
857 715 957 783 nihil
986 737 1142 784 cernere
1164 717 1296 803 possis

291 813 420 876 cetera
454 805 493 873 ui
525 803 638 888 Catia
672 803 931 872 est-demissa
966 811 1074 874 ueste
1110 807 1295 895 tegentis:

290 899 418 982 praeter
430 893 548 962 inciem
564 893 648 960 nihil
671 913 799 960 cernere
821 896 989 959 matronae
1010 894 1132 979 possis3
1154 895 1296 981 reliquae

252 1012 279 1054 ιο
292 983 379 1051 enim
405 981 549 1069 corporis
571 985 680 1068 partes
702 985 792 1047 ueste
814 980 973 1066 celantrr,
993 981 1060 1048 nisi
1081 983 1166 1050 forte
1184 981 1297 1050 catice

291 1071 408 1142 similis
439 1075 502 1151 est,
533 1091 615 1157 qnae
651 1069 693 1137 ob
729 1069 978 1156 pulcritudinem
1013 1093 1141 1139 oncrum
1175 1071 1297 1159 pudore

265 1163 439 1250 ‘neglecto
461 1161 529 1227 alta
551 1161 640 1226 ueste
662 1160 822 1226 utebatur.
879 1159 959 1228 haec
986 1165 1095 1228 autom
1118 1161 1197 1230 adeo
1220 1161 1296 1229 uilis

194 1318 198 1328 ,
291 1250 356 1318 iuit
376 1249 470 1316 utin
492 1248 571 1316 aede
592 1246 729 1316 Ueneris
752 1247 873 1314 theatri
890 1247 1081 1336 Pompeiani
1104 1250 1296 1319 adulterium

165 1337 170 1348 '
292 1362 365 1408 cum
378 1337 509 1406 Ualerio
523 1335 631 1405 Siculo
644 1337 759 1404 colono
781 1336 912 1404 tribuno
934 1338 1039 1424 plebis
1062 1338 1201 1408 obducto
1222 1340 1296 1407 u'elo

252 1453 279 1498 rs
293 1426 468 1494 admiserit
525 1425 569 1493 96
591 1425 625 1492 si
647 1424 860 1492 interdicta
878 1428 989 1512 petes
1013 1427 1118 1496 uallo
1137 1429 1297 1497 circum·

179 1571 184 1582 .
291 1517 382 1584 data
403 1537 488 1582 nam
510 1519 547 1581 te
569 1513 757 1600 etreliqua
801 1513 1008 1582 si'honestae
1026 1515 1175 1603 feminae,
1221 1541 1296 1584 uam

153 1607 161 1616 '
291 1603 483 1690 compellare
504 1624 572 1669 non
593 1602 679 1688 licet,
700 1601 937 1689 propterquod
955 1604 1093 1670 maxime
1108 1541 1299 1691 maculeris,

205 1761 211 1770 ,
291 1691 481 1760 concubitus
509 1691 654 1778 adpetes,
684 1692 789 1757 multa
819 1695 910 1778 sunt,
941 1713 1024 1780 qnae
1054 1697 1087 1759 te
1117 1693 1298 1780 inpediunt,

292 1782 465 1872 quominus
492 1779 671 1870 perspicere
696 1779 818 1869 possis,
848 1781 954 1867 qualis
976 1782 1033 1868 sit,
1062 1804 1159 1869 quam
1182 1805 1298 1851 concu-

251 1871 399 1960 scpiscis
445 1870 555 1938 ‘uallo’
578 1875 687 1938 autem
709 1869 929 1938 ‘circumdata'
952 1870 1142 1980 allegprioos
1169 1872 1298 1958 dicitur,

291 1962 417 2029 idest:
444 1959 599 2028 custodiis
626 1962 739 2046 saepta
766 1982 803 2027 ac
830 1961 1043 2046 praemunita
1132 1963 1175 2029 98
1198 1961 1298 2029 cini·

252 2105 265 2129 ,
291 2051 418 2118 ilones
440 2049 617 2135 parasiti.
661 2053 696 2114 et
716 2047 883 2116 ciniflones
905 2053 940 2114 et
960 2049 1111 2117 cinerarii
1132 2049 1167 2116 in
1186 2049 1298 2117 eadem

292 2138 529 2243 significatione
550 2138 636 2225 apud
658 2140 783 2205 usuros
804 2137 994 2206 dicebantur
1016 2139 1058 2207 ab
1081 2138 1190 2207 officio
1213 2139 1298 2208 cala·

292 2227 537 2332 metrorumin
559 2227 665 2295 cincre
681 2225 977 2332 calefaciendorum,
999 2229 1117 2334 quihus
1130 2234 1299 2335 matronae

176 2365 182 2374 '
251 2315 1127 2496 ¹·tetendietatttritlssstll:
1143 2324 1299 2477 ridel

142 2523 153 2540 ·
292 2499 360 2564 tes.
430 2495 493 2564 100
518 2495 682 2584 plurima
707 2518 802 2583 quae
828 2495 1034 2565 inuideant
1060 2519 1152 2587 pure
1180 2521 1298 2588 appa·

292 2606 376 2653 rere
402 2585 478 2652 tibi
503 2607 580 2653 rem
605 2587 668 2653 hoc
694 2590 758 2652 est:
784 2587 911 2654 atalia
936 2587 1089 2675 plurima,
1120 2611 1203 2676 quae
1231 2611 1298 2658 non

284 2675 460 2762 patiantur
489 2674 551 2742 tibi
582 2697 699 2762 corpus
729 2675 798 2743 eins
829 2697 994 2764 apparere.
1075 2679 1138 2746 101
1172 2679 1298 2747 altera

253 2762 394 2834 scnihil
416 2763 548 2832 obstat
569 2761 657 2834 Coie
678 2763 768 2834 tibic
790 2765 902 2854 altera,
924 2766 1038 2857 inquit,
1060 2790 1143 2858 quae
1162 2773 1299 2857 prostat,

292 2851 456 2942 perlucida
489 2857 580 2922 ueste
615 2853 717 2922 ulitur
747 2855 808 2943 ita,
842 2860 881 2923 ut
909 2857 1001 2926 uelut
1034 2859 1122 2927 nuda
1153 2859 1298 2948 conspici

363 3036 399 3088 2⁸
419 3032 487 3090 Aen.
507 3037 549 3102 Η,
570 3036 621 3090 100

212 3183 219 3197 ·
364 3135 819 3304 shffisescecror'..rpsealli
884 3177 1298 3252 tomlsrc.l.rs.2.iorte

295 3249 406 3324 muas.
534 3247 792 3306 incubuerim
863 3249 1036 3310 reorent
1106 3257 1140 3308 ιι
1206 3267 1299 3310 enac

294 3318 379 3376 ntnlo
397 3317 436 3376 Μ
451 3317 549 3376 colono
566 3319 617 3378 del
635 3319 721 3378 Em
731 3337 892 3396 prcecpcor.
915 3323 987 3382 Hor.
1000 3339 1033 3397 p.
1051 3327 1108 3384 680
1179 3323 1299 3382 ohdocto

205 3455 213 3471 .
296 3389 335 3446 M
404 3389 601 3449 tenuitati
669 3393 953 3454 rocncmdstcrt
1011 3402 1045 3455 81
1065 3396 1204 3468 septadl
1263 3401 1299 3452 aa

291 3461 434 3520 melones
451 3460 492 3520 11
567 3469 603 3522 tt
620 3481 688 3522 cum
707 3464 747 3522 dl
823 3471 857 3525 2¹1
875 3483 948 3540 pura
966 3468 1005 3525 M
1087 3474 1121 3527 81
1140 3467 1298 3541 perlucidae

293 3549 326 3604 qr
344 3533 410 3606 (quc
426 3551 463 3591 ss.
480 3535 521 3606 2.)
538 3533 634 3593 lueida
651 3535 696 3606 dl,
713 3537 844 3609 lucidae
