2708 3842
393 109 544 170 Eteonon
564 119 596 169 ιι
616 115 712 170 elna..
1017 110 1080 178 163
1130 63 1172 180 's
1203 185 1210 196 ,
1279 101 1284 185 ἶ

71 275 190 342 amoris
213 276 276 341 mei
298 275 450 342 iniuriam
472 275 553 342 flens
575 275 662 362 apud
685 279 718 342 te
740 275 906 362 querebar.
955 275 1078 343 inuare

72 363 213 431 cundum
241 384 319 451 ergo
347 365 443 430 deum
465 362 618 431 Iiberum
640 364 713 431 uult
733 363 893 454 intellegi,
922 365 1009 452 quod
1029 364 1078 432 in·
1139 354 1150 373 '¹
1212 421 1228 458 Ι.
1298 356 1301 439 i
1347 359 1348 372 ¹

29 487 33 498 ·
71 452 288 519 uerecundum
311 473 380 520 sese
393 475 452 540 per
464 453 677 521 uinulentiam
690 452 820 521 feeeret
876 455 918 522 15
940 453 1078 541 quodsi

69 543 163 608 meis
181 542 379 609 inaestuet
400 542 642 629 praecordiis
666 542 790 609 libera
811 541 912 610 bilis.
943 541 1077 611 confun-

69 630 118 696 dit
146 630 299 698 lectorem
328 630 468 698 uarietas
498 630 698 698 elocutionis.
755 630 797 698 ab
829 631 961 718 obliqua
991 631 1104 698 enims
1236 629 1238 634 ’
1282 662 1295 697 ¹.

69 718 215 787 oratione
235 719 358 786 transit
379 719 420 788 ad
442 723 573 788 rectane
608 741 685 787 nam
699 741 798 807 supra
812 718 940 808 oblique
953 719 1077 787 dixerat

68 809 261 896 querebar
290 809 367 876 tibi
396 809 453 877 nil
489 811 620 877 ualere
656 809 860 877 candidum
895 810 1076 897 pauperis

67 898 278 987 ingenium,
314 904 350 966 at
379 898 460 967 haee
490 899 556 967 iam
592 903 682 968 reeta
717 899 855 989 quodsi
894 898 988 968 meis
1022 899 1075 967 in·

67 992 220 1074 aestuet
247 988 488 1076 praeeordiis
510 995 545 1058 et
565 994 681 1058 celera.
772 991 813 1058 18
841 989 998 1056 desinet
1018 989 1075 1056 in·

66 1078 226 1165 paribus
253 1081 402 1147 certare
429 1085 642 1149 summotus
672 1079 804 1167 pudor.
857 1079 1116 1167 inparibuezao
1300 1102 1301 1112 ¹

66 1167 200 1235 aemulis
231 1168 354 1237 scilieet
384 1169 440 1258 qni
464 1169 579 1259 largiri
605 1169 709 1237 multa
734 1174 885 1257 possunt,
911 1191 985 1237 enm
1013 1191 1074 1258 ego
1195 1175 1199 1182 ’
1299 1170 1301 1178 ’

65 1279 133 1325 non
150 1259 281 1344 possim·
317 1259 521 1346 inparibus
544 1264 653 1327 autem
676 1262 827 1326 certare
849 1281 908 1346 per
930 1258 1075 1326 datiuum
1138 1315 1142 1320 .

64 1369 175 1414 casum
197 1347 373 1436 figuratum
394 1353 454 1435 est,
476 1353 515 1416 ut
532 1349 618 1436 apud
631 1346 861 1437 Uergilium:
883 1347 973 1415 Tibi
995 1369 1074 1414 eer-
1113 1421 1115 1426 ,

64 1440 124 1504 tat
144 1437 343 1525 Amyntas.
425 1435 467 1506 19
490 1437 556 1506 ubi
577 1437 671 1505 haee
698 1458 857 1506 seuerus
882 1440 921 1505 te
948 1437 1074 1524 palam

63 1527 125 1594 hoe
152 1531 216 1594 est:
248 1549 359 1594 seuere
391 1527 535 1594 dixeram
566 1527 644 1595 adro
759 1527 840 1594 mihi
871 1527 1073 1595 constantiae
1086 1546 1113 1591 re
1193 1551 1198 1558 ·
1303 1488 1333 1543 ⁵⁸

11 1701 16 1711 .
63 1616 200 1684 laudem.
281 1616 480 1684 20iussus
508 1617 615 1685 abire
669 1638 805 1685 omum:
838 1615 1073 1684 ateseiliaet

151 1707 196 1773 22
228 1706 367 1794 quibus
398 1706 550 1773 lumbos
582 1709 620 1774 et
650 1705 796 1795 infregi
827 1706 940 1773 latus.
993 1705 1072 1772 orde
1211 1759 1233 1814 ‘.
1333 1749 1338 1757 -

62 1799 125 1862 eat:
148 1793 431 1862 lumbosetlatus.
488 1795 534 1862 25
555 1795 655 1862 uude
678 1795 857 1882 expedire
879 1814 956 1862 non
977 1795 1072 1861 ami·
1167 1812 1171 1820 ’

62 1905 192 1950 eornm
215 1888 360 1969 queant
381 1883 505 1950 libera
523 1884 697 1951 consilia
733 1883 816 1950 bene
834 1882 974 1964 libera,
996 1881 1072 1968 quia

62 1973 130 2038 ueri
160 1972 256 2038 amini
287 1971 387 2038 libere
419 1973 526 2039 solent
561 1972 679 2039 delicta
715 1971 893 2039 amicornm
928 1991 1112 2038 aecusaresu
1203 2039 1207 2045 ,
1338 2013 1341 2029 ·

61 2060 168 2127 studio
182 2059 425 2127 emendationis.
487 2061 532 2128 26
549 2081 619 2128 nee
636 2059 897 2127 contumeliae
914 2077 1069 2156 graues:
1177 2149 1184 2162 ⁵
1271 2142 1273 2150 Ι
1311 2084 1314 2127 :

60 2169 128 2214 non
150 2148 216 2214 iam
239 2148 426 2234 amicorum,
448 2147 504 2215 sed
526 2148 628 2235 ipsius
650 2149 751 2235 pueri,
773 2147 830 2234 qni
852 2153 988 2215 amatur.

61 2237 103 2304 28
117 2243 184 2305 aut
202 2236 342 2304 teretia
359 2237 470 2325 pueri
489 2237 523 2305 id
541 2240 607 2305 est:
626 2236 740 2304 teretia
758 2257 854 2304 arura
867 2235 1071 2304 autbraehia
1155 2261 1164 2271 ·
1304 2313 1308 2326 ,
1339 2237 1347 2306 ’τ

61 2325 218 2394 habentis.
263 2330 348 2394 teres
371 2330 480 2394 antem
502 2327 538 2393 in
560 2327 696 2415 longum
718 2325 878 2394 rotundus
901 2325 1026 2394 (licium

373 2500 524 2568 neuneu
543 2499 697 2558 curusu
717 2507 759 2558 ιε.
1081 2539 1109 2584 ,⁸
1191 2499 1200 2558 ·.
1260 2483 1313 2550 ’·.
1344 2495 1346 2558 l

133 2607 245 2687 Quin
280 2611 353 2678 tibi
390 2611 450 2678 uis
489 2611 630 2677 mulier
669 2609 795 2696 nigris
835 2609 1069 2698 dignissima

59 2697 193 2765 barris.
228 2699 263 2766 iu
285 2700 451 2767 mulierem
473 2698 603 2766 foedam
619 2703 715 2784 atque
734 2719 834 2765 anum
851 2697 933 2766 haee
946 2697 1067 2765 scribit
1180 2701 1186 2710 “
1288 2690 1315 2737 ·’

57 2787 145 2854 barri
175 2793 283 2856 autem
311 2788 477 2876 elephanti
505 2787 669 2874 dieantur,
698 2787 784 2854 uude
814 2791 848 2854 et
868 2809 934 2856 uox
955 2808 1067 2855 eorum

57 2877 197 2944 barritus
224 2878 414 2965 appellatur.
464 2900 561 2966 porro
589 2881 697 2944 autem
727 2875 891 2963 elephanti
918 2875 1067 2944 feruntur

57 2967 162 3032 auersi
176 2967 271 3054 coire,
294 2989 333 3034 ex
346 2989 411 3054 quo
428 2967 557 3035 uidetur
578 2969 676 3054 poeta
698 2966 802 3034 dieere
825 2986 899 3033 eum
920 2963 972 3034 hia
994 2987 1065 3032 eam
1078 2986 1107 3030 aa

130 3164 164 3215 18
182 3159 248 3215 Bne.
268 3167 293 3232 t,
312 3165 329 3216 8

125 3344 240 3394 amau·
259 3335 297 3392 rt
365 3333 492 3391 numu·
515 3333 643 3392 corsae
661 3333 700 3389 at
769 3335 847 3390 aaa
866 3333 903 3389 aa
922 3331 961 3388 as
1031 3337 1064 3388 is
1201 3353 1204 3360 ·
1322 3291 1331 3345 '-

54 3405 344 3480 posanpmbuslr
396 3403 882 3489 lteertatataeeerr.·aa.1.M
944 3407 976 3459 1'l
991 3401 1071 3486 latep·

54 3478 179 3606 zalal
223 3471 1064 3604 llllunellffltffitltlfflntm

52 3619 140 3675 terres
159 3619 198 3674 M
274 3625 308 3674 24
326 3618 464 3674 munaus
483 3617 522 3673 Μ
591 3623 626 3690 28
644 3615 758 3673 elefanti
776 3615 818 3673 ee
837 3615 876 3672 M
1180 3643 1186 3652 ·

797 3707 852 3760 11·
