2708 3842
162 141 167 150 ·
230 105 296 172 222
482 135 486 142 ·
562 103 684 165 sunno
702 107 724 178 1,
743 112 769 180 o,
786 105 921 166 sl-so.‘

93 229 95 234 ’
230 268 315 358 quos
343 268 546 337 mammae
576 269 759 338 hmines
788 269 946 339 namium
978 269 1075 358 pauo
1098 269 1242 336 exorsus

229 363 317 448 eget
379 360 425 426 44
457 360 595 428 sellem
621 362 729 428 tonet
749 359 822 429 hoe
843 383 923 429 nos.
967 361 1008 428 sd
1030 358 1064 427 id
1086 358 1237 446 pertinet,

229 447 315 536 quod
345 447 462 516 dixerit
491 470 566 517 eum
592 448 787 518 osusidicum
815 473 894 518 esse.
938 472 1015 539 ergo
1038 471 1154 517 sensus
1175 451 1242 515 est:

228 537 291 606 hoo
312 558 364 604 me
386 538 502 606 ssltem
524 539 660 626 soletur,
689 542 727 606 ut
756 539 849 606 illum
871 541 1064 625 sustineam,
1094 559 1168 604 oum
1189 539 1241 603 in-
1341 557 1345 574 ⁴

201 625 344 714 ⁸digner
365 626 512 715 slioquin·
530 626 718 695 libeitiuum
740 631 920 718 equestrem
946 627 1141 716 dignitatem
1162 646 1238 694 oon·

229 719 374 784 mentum
396 737 476 784 esse
542 716 585 784 47
612 739 711 785 nuno
732 717 823 807 quie
845 717 916 785 sim
937 717 1011 784 tibi
1033 715 1241 784 Messenes

228 804 430 874 conuictos
464 810 505 873 st
539 806 631 874 olim
672 807 770 912 quod
805 807 899 875 mihi
934 809 1091 894 peroret
1134 805 1242 893 legio

227 891 399 961 Romans
432 895 599 962 tribuno.
657 895 736 962 dmit
770 897 833 963 ulii
867 896 1006 963 inuideri
1036 916 1123 963 nuno
1150 893 1236 980 quod

228 981 382 1050 oonuiust
403 1005 476 1050 oum
488 981 685 1071 Mseoenste,
705 988 782 1052 onte
804 984 892 1073 quod
913 985 1064 1052 tn'bunus
1081 983 1239 1050 militibus

105 1079 130 1122 ·.
188 1087 215 1130 ιο
227 1067 415 1161 praefuerit,
445 1071 539 1158 qussi
560 1075 730 1160 utrumque
753 1095 851 1159 suprs
871 1072 1088 1140 humilitatem
1110 1071 1257 1160 generis

228 1160 371 1228 eins'sit
436 1161 480 1230 49
517 1160 713 1251 quianon
743 1166 786 1230 ut
811 1160 929 1230 forsit
949 1162 1133 1230 honorem
1155 1159 1239 1228 iure

226 1249 321 1318 mihi
343 1252 440 1336 [esso]
466 1250 643 1319 inuideat
670 1251 798 1340 quiuis
824 1252 882 1320 its
907 1257 945 1319 te
973 1272 1121 1339 quoque
1144 1248 1238 1316 smi-

227 1359 318 1406 eum.
361 1339 610 1427 prudentissime
645 1339 776 1407 dietum.
823 1339 962 1408 forsitan
998 1341 1085 1407 enim
1120 1339 1238 1406 merito

226 1426 364 1496 inuideri
386 1427 502 1497 debent
524 1429 563 1516 ei,
585 1427 640 1517 qui
661 1427 818 1497 Mnefloie
838 1430 988 1496 fortunae
1005 1429 1133 1514 hubent,
1155 1447 1239 1513 quse

190 1515 413 1605 optaremque
434 1522 555 1586 umere
577 1523 611 1585 st
633 1517 703 1586 sine
724 1517 843 1586 iudicio
865 1519 931 1585 ullo
955 1515 1174 1604 superuenist,
1201 1521 1237 1583 et

227 1605 401 1673 smioitism
423 1605 622 1674 Maecenatis
644 1607 797 1695 consequi
818 1608 883 1674 nisi
904 1607 1025 1674 uirtute
1046 1607 1082 1673 in
1105 1627 1139 1672 se
1161 1627 1234 1692 pro·

87 1722 90 1734 ·
227 1698 373 1762 uoostsm
403 1717 471 1764 non
498 1695 614 1782 potuit
657 1717 754 1783 porro
782 1701 890 1763 sutem
925 1696 1011 1784 quod
1045 1696 1166 1762 uirtute
1198 1717 1236 1762 so

226 1803 304 1851 uero
324 1783 443 1852 iudioio
465 1784 538 1873 quis
570 1784 770 1874 sdssquitur,
804 1785 942 1854 inuideri
974 1785 1004 1853 ei
1034 1807 1102 1852 non
1131 1784 1237 1872 debet,

77 1853 88 1922 ἶ
226 1892 298 1938 eum
321 1873 868 1960 megnolsborehoosioonstet
934 1872 1235 1941 56utuenieo·

186 1977 304 2026 sorum
339 1960 544 2050 singultim
584 1983 705 2049 penos
735 1962 888 2031 loeutus
910 1961 1043 2029 infans
1073 1983 1235 2049 nemque
1326 2015 1332 2038 ,

225 2047 348 2133 pudor
368 2051 604 2138 prohibebat
623 2053 738 2139 plura
759 2051 917 2140 profusi.
948 2049 1157 2118 menifestum
1176 2055 1238 2136 est,
1310 2071 1312 2078 ·

225 2137 385 2206 infantem
415 2163 436 2207 s
466 2163 534 2210 non
564 2140 664 2208 fundo
694 2163 780 2209 nuno
810 2141 938 2208 dixisse.
981 2160 1040 2207 neo
1072 2139 1158 2206 enim
1194 2161 1214 2204 s

131 2228 138 2245 '
226 2230 365 2295 esteten
387 2229 524 2296 relatum
545 2235 605 2298 est
648 2251 745 2317 porro
758 2230 838 2297 hese
854 2251 890 2296 re
903 2251 982 2296 uere
999 2233 1116 2296 nsturs
1136 2228 1233 2295 nobis

181 2375 183 2379 .
226 2320 290 2401 est,
324 2321 374 2402 ut,
410 2315 450 2384 sd
482 2319 679 2386 sublimioris
710 2318 879 2407 dignitatis
904 2319 994 2386 uiros
1024 2339 1096 2384 oum
1129 2316 1234 2384 sdhuo

185 2403 330 2559 ssisgnoti
351 2405 541 2494 secedimus,
562 2407 754 2475 usreoundis
775 2429 836 2476 nos
853 2407 999 2496 elingues
1016 2406 1124 2474 locist
1191 2405 1234 2473 59

253 2494 458 2562 storeisno
481 2497 628 2563 usotsri
650 2518 743 2564 rurs
763 2496 925 2565 osbsllo.
970 2493 1153 2564 Satureieni
1174 2516 1235 2562 no·

224 2581 311 2649 mins
332 2580 424 2652 fundi
445 2585 482 2651 in
502 2585 623 2673 Apulis
643 2585 709 2654 illis
732 2585 931 2674 tempontus
957 2584 1059 2652 fuisse
1083 2584 1236 2652 dicuntur

146 2687 149 2692 ·
224 2671 304 2737 setis
339 2673 438 2760 smpli
475 2695 513 2740 so
543 2673 678 2742 nobiles
730 2697 789 2762 per
824 2673 910 2762 quod
938 2673 1083 2760 Apulum
1114 2695 1234 2760 equum

205 2757 391 2848 ‘signifiat
435 2761 578 2850 Apulum
603 2768 711 2832 sutem
747 2785 864 2853 equum
885 2784 945 2850 pro
968 2763 1090 2850 optimo
1121 2763 1233 2850 utique

183 2849 542 2938 anomoeusion.
596 2853 640 2922 60
661 2854 873 2941 respondes
895 2855 938 2920 ut
958 2857 1049 2919 tuus
1072 2856 1233 2920 estmoe

224 2943 345 3025 penes
366 2939 461 3008 sbeo
483 2947 522 3009 ot
542 2963 700 3010 sesooss
721 2963 823 3011 nono
844 2944 936 3029 post
956 2963 1085 3008 mense
1102 2941 1233 3009 iubes·

224 3071 437 3087 Ψ

296 3140 310 3189 1
342 3131 502 3192 dommulst
527 3133 565 3192 sb
581 3133 741 3192 humslsbts
760 3134 799 3191 Μ
883 3133 1010 3205 ΡιιιΙος
1099 3139 1116 3190 t
1148 3149 1232 3206 eque·
1311 3188 1315 3195 .

223 3205 371 3262 mnis
421 3205 1082 3264 ussM.soonuiustsos:eumu2ustM
1115 3203 1233 3274 niune

293 3273 470 3334 milshbonns
486 3276 630 3349 presunt
646 3278 685 3334 Π
757 3283 790 3334 18
808 3275 936 3335 iorutsm
950 3275 988 3332 Μ
1058 3282 1092 3333 lt
1102 3275 1137 3332 si
1150 3275 1232 3332 Hass-

222 3345 392 3403 Metu
460 3347 619 3406 tortuoso!
675 3347 786 3406 lonllo
937 3348 943 3363 '
993 3345 1230 3404 sossulliusus·

222 3417 342 3474 ΜΠ
408 3419 801 3492 ιὰωιίιωω..οοωη;
928 3419 1121 3477 sommum
1191 3435 1232 3476 se·

222 3490 462 3562 psosoestnmll
514 3490 757 3552 utuuntsmss
809 3489 1042 3548 ltmmdersll
1102 3489 1257 3546 nomnen*

221 3559 505 3692 ffimssbostffit
520 3560 797 3693 &wasonis
851 3561 1071 3642 sumbolloli
1126 3565 1160 3618 29
1182 3559 1232 3618 ob·
