2644 3844
373 142 553 199 umerum
571 144 593 211 1,
613 147 655 212 1⁷,-
673 147 787 233 eo-ee.
806 131 811 136 ’
1016 139 1086 204 293

80 302 214 390 ‘quadro
235 301 340 388 panis’
363 302 469 387 inquit
490 301 584 388 'quse
606 302 664 368 uni
682 301 743 368 tibi
757 300 975 388 daripoterot,
996 301 1086 368 dan-
1163 337 1166 342 ·

79 393 173 478 getor
195 411 233 456 sc
256 388 417 456 diuidetur
438 389 578 475 duobus,
604 389 667 456 hoo
688 391 753 455 est:
775 388 869 456 diuiti
890 389 1085 475 inportunus
1205 459 1212 472 ,

79 479 141 544 eris
164 480 198 543 et
219 475 413 562 displicebis,
435 476 519 544 unde
541 478 606 564 liet,
628 481 674 558 nt,
696 477 795 544 etium
812 477 931 563 siquid
945 478 1083 545 solidum
1128 496 1132 502 ·

77 565 196 646 sumet,
222 563 317 630 cedet
342 564 476 632 duobus
565 565 610 632 50
642 565 708 632 sed
737 565 883 632 tacitus
910 566 1016 652 posci
1049 566 1098 632 si'
1211 633 1217 642 ,

77 657 211 741 posset
229 673 370 722 coruus.
406 654 545 720 amicum
558 653 729 742 significet,
747 653 803 741 qni
821 653 850 720 si
866 674 902 720 se
918 655 1115 741 pateretur·¹

78 742 121 810 ali
148 741 290 810 ediuite
312 742 462 830 tacitum,
486 763 592 832 neque
622 742 684 811 sibi
706 741 869 812 aemulum
892 749 1086 832 conpurnret'
1190 760 1194 766 ·
1268 737 1272 748 ‘

76 853 180 918 neque
206 832 315 899 minus
341 833 509 919 occiperet
554 855 631 900 uem
662 854 778 901 coruus
800 854 874 900 cum
897 833 1019 900 accedit
1040 833 1083 900 ed
1129 923 1132 928 ἡ

77 919 194 1004 cibum,
216 921 355 1024 strepitu
382 921 475 1024 uocis
494 920 576 988 ulios
599 921 845 1026 suosnercessit,
859 920 956 1026 ,unde
977 919 1023 1008 fit,
1045 925 1085 988 ut

75 1009 365 1182 {tltttlll
379 1009 1083 1186 s⁰⁵21z0n³llslu11²slsu
1095 1111 1129 1153 ιο

76 1206 174 1252 coruo
212 1189 247 1252 et
277 1208 298 1252 a
327 1186 424 1272 uulpe
455 1185 519 1255 hoo
548 1187 756 1272 translatum,
786 1187 843 1253 sed
874 1187 967 1254 male.
1001 1227 1003 1232 ·
1039 1187 1084 1254 52

75 1271 331 1342 Brundesium
363 1295 497 1342 comes.
541 1275 640 1361 idem,
671 1275 789 1361 inquit,
821 1275 907 1362 qnod
933 1277 1085 1342 meretrix
1207 1279 1212 1286 “

76 1361 156 1428 lecit
178 1363 314 1429 ametori
337 1384 406 1448 suo,
428 1384 523 1449 quem
547 1363 707 1444 simulatis
730 1361 868 1428 demnis
883 1363 1085 1449 plorsbunde
1216 1399 1228 1410 ·

75 1449 203 1536 spoliet,
225 1449 305 1518 lecit
326 1451 425 1518 etiem
447 1451 517 1541 regi
540 1472 599 1521 suc
622 1451 745 1520 unricus
766 1450 886 1538 minor,
912 1473 985 1518 com
1007 1473 1084 1539 que·

75 1539 159 1606 ritur
181 1542 284 1605 semet
305 1539 341 1606 iu
362 1540 492 1626 itinere,
507 1563 578 1628 quo
602 1561 709 1609 comes
731 1540 867 1628 ducitur,
888 1540 1008 1628 aliquid
1022 1541 1129 1607 uel²⁵

75 1626 253 1714 perdidisse
276 1629 329 1696 uel
352 1631 492 1700 sensisse
514 1631 719 1700 incommodi.
785 1630 830 1700 55
850 1634 944 1698 noto
963 1629 1085 1699 refert

72 1717 289 1785 meretricis
312 1720 496 1788 acumine:
539 1721 593 1789 hio
609 1721 701 1790 locus
718 1721 758 1788 de
776 1719 1009 1788 Truculento
1032 1725 1085 1787 est

73 1803 203 1872 Plauti
225 1805 347 1887 iebuls,
368 1809 425 1875 nbi
439 1809 626 1876 adulescens
639 1808 718 1876 dicit
734 1809 813 1875 Aut
828 1808 930 1894 perit
951 1829 1085 1874 aurum

72 1897 138 1956 sert
168 1895 371 1960 conscisse
401 1899 462 1962 est
487 1895 638 1981 pullula
665 1900 699 1962 et
725 1899 840 1962 cetero
893 1892 1083 1962 catellum.

74 1981 223 2048 ceterum
246 1980 460 2052 diminutius.-
489 1986 605 2053 cotenu
630 1987 738 2053 eutem
764 1984 893 2073 proprie
916 1982 1002 2052 dioto
1022 1986 1128 2072 est»
1218 1999 1229 2060 j
1299 2059 1300 2066 χ

73 2071 159 2157 quod
177 2092 291 2139 canem
308 2077 442 2142 tenmet
470 2133 473 2138 .
493 2073 537 2143 56
555 2074 837 2160 periscelidem:
856 2077 1083 2142 ornamentum

71 2159 163 2244 pedis
193 2161 279 2228 circo
304 2183 407 2230 crura
451 2163 590 2230 flentis
616 2164 697 2230 mire
726 2185 794 2231 non
826 2161 994 2247 dicentis,
1024 2163 1082 2230 sed

74 2245 215 2335 ‘florosa
245 2253 284 2316 ut
313 2249 412 2318 fidem
439 2251 532 2319 falsis
563 2251 705 2319 lacrimis
741 2251 849 2320 iaciat
905 2251 962 2319 uti
996 2272 1081 2319 mox

72 2337 181 2403 nulle
210 2337 321 2406 lidus.
365 2339 415 2408 its
440 2339 492 2426 lit,
524 2341 643 2428 inquit,
668 2345 707 2408 ut
731 2345 847 2427 posteo
877 2341 974 2409 etism
1003 2361 1083 2406 uero
1175 2328 1192 2360 ⁸

71 2423 189 2490 dicenti
210 2447 281 2493 non
301 2427 461 2495 habeatur
482 2427 571 2497 fides.
638 2427 687 2496 58.
708 2448 778 2496 nec
800 2429 916 2497 semel
936 2427 1081 2496 inrisus
1094 2455 1126 2498 rs

69 2512 210 2580 triuiie.
254 2515 318 2583 hoo
340 2519 416 2601 [est]
435 2518 582 2604 exemplo
601 2515 765 2606 significet
776 2539 952 2605 numquam
964 2520 1081 2606 posteo

26 2641 30 2649 .
71 2601 266 2671 crediturum
288 2626 385 2692 quem
407 2627 477 2674 esse
499 2607 599 2676 etiem
620 2628 700 2676 uere
721 2607 841 2676 dicenti
858 2607 901 2696 si,·
913 2607 971 2695 qui
986 2607 1082 2676 loisis

70 2691 166 2759 rebus
188 2694 300 2760 omnia
320 2693 396 2763 fidei
409 2701 603 2784 argumenta
615 2697 861 2785 consumpserit
890 2695 967 2766 hino
980 2696 1081 2765 etiam

69 2781 276 2865 prouerbium
288 2787 403 2851 nstrnn
416 2789 469 2853 est
486 2783 558 2864 Qui
576 2787 695 2855 semel
713 2807 859 2873 scurra,
875 2795 1095 2873 numqusm¹

140 2975 418 3050 rr'lruo1‚1,ee
550 3003 612 3058 ‚-

137 3137 548 3199 tdis'oebisnos:dooeb1s
566 3140 605 3197 M
665 3145 752 3198 tout
768 3141 921 3200 meritust
937 3141 992 3199 soli
1009 3141 1078 3198 dou·

66 3206 206 3266 domoon
276 3211 453 3268 moidetur
528 3209 1078 3274 temioomnorroemcnmllsst

66 3276 160 3337 drmde
180 3279 219 3336 M
294 3287 328 3338 10
346 3281 483 3338 emouere
501 3281 541 3337 M
591 3287 648 3338 -18
666 3281 879 3354 plombundeg
958 3289 992 3341 u
1009 3299 1077 3356 rege

65 3347 140 3400 Μ.
188 3351 954 3426 reuelnoorsellsatfortsemlooomptuncst
1041 3361 1076 3412 lt

63 3415 434 3475 mlerd..osoormned{
496 3425 598 3478 18sut
636 3423 955 3482 eritsurumconsoisos
1028 3425 1078 3482 ule
1125 3439 1129 3446 '

62 3485 741 3547 modorosenamssodmmuueu
817 3509 949 3564 proposse
1044 3511 1068 3520 ’·

61 3547 1074 3636 reconsecnofimssfsumtsseuunnoxiempomet

59 3619 146 3670 oso&
217 3626 355 3691 ltquem
373 3627 568 3696 mequod!
740 3687 742 3690 ,
924 3645 927 3650 ·
988 3687 993 3694 ,
