2660 4072
118 23 329 176 ,sto
455 74 459 80 “
649 87 902 158 οιιιιιιιιιι.

284 253 444 341 regnauit
513 249 553 318 18
568 248 761 318 dissidens
782 250 887 336 plebi
909 271 1065 318 numero
1088 225 1294 317 beotorum

283 341 417 409 eximit
440 339 577 407 nirtns
621 338 701 406 ordo
728 343 791 405 est:
819 337 984 405 Prahaten
1018 339 1130 406 eximit
1154 360 1290 408 numero

154 439 158 444 “
282 432 452 499 beatorum
477 429 596 514 uirtus,
622 449 705 516 quoe
731 427 818 514 plebi
845 426 992 516 dissidet,
1022 428 1086 496 hoo
1111 433 1175 516 ost,
1206 448 1290 516 quoe

134 545 139 553 ·
212 514 216 520 ’
282 520 387 586 nirtns
407 517 443 584 id
464 523 516 585 est
536 517 697 604 sepientis
717 537 787 584 non
807 516 956 603 estopnd
968 517 1104 604 plebem
1169 519 1210 586 19
1223 539 1291 604 po·

254 607 490 696 sputumque
502 605 615 673 falsie
629 604 790 675 dedooet
803 605 869 674 uti.
892 606 1053 675 dedooet
1064 605 1292 695 prodedooere

193 717 203 728 ·
282 696 373 786 onpit
406 698 439 763 id
470 700 520 763 est
550 694 735 764 dissnodsre
761 697 881 784 populo
908 696 1039 765 bootnm
1069 697 1174 766 diosre
1205 718 1290 784 sum,

269 787 339 874 ¹qni
365 806 502 872 regnum
528 788 562 852 et
588 784 719 854 diuitias
740 785 917 873 possident,
944 785 1021 874 quio
1045 785 1129 855 lolso
1156 786 1219 855 hoo
1242 786 1290 853 di·

188 955 191 962 ,
281 877 378 960 oitnr,
405 874 605 942 solummodo
632 875 724 943 illurn
747 880 780 942 et
801 874 934 942 diuitem
956 880 992 943 et
1010 895 1121 964 regem
1143 880 1178 943 et
1198 897 1287 944 seen·

281 987 354 1032 rom
380 985 450 1031 esse
477 963 664 1051 odlirrnsns,
690 963 746 1050 qni
772 963 894 1032 diuitiis
917 965 1031 1033 olienis
1053 986 1121 1033 non
1143 965 1291 1033 inuideat

119 1105 160 1116 -.
230 1075 343 1128 -uneo
370 1073 426 1122 ees
454 1053 669 1140 oonenpisoot
757 1054 802 1121 22
827 1053 1097 1142 propriamque
1128 1055 1288 1123 laurum,

280 1144 431 1212 lenrnm
452 1163 512 1230 pro
533 1141 645 1209 loures
666 1163 705 1209 no
726 1163 785 1229 per
805 1143 869 1211 hoo
890 1143 1289 1232 gloriom'intellegomne,

278 1232 474 1390 grunniens
497 1236 824 1336 outemnernetnsm.
890 1233 935 1300 23
958 1232 1071 1301 oeulo
1092 1232 1286 1302 inretorto

302 1343 342 1390 oo
363 1325 414 1390 est
435 1321 529 1388 oonlo
551 1341 620 1388 non
640 1321 810 1388 mordenti.

702 1547 776 1605 one
795 1553 820 1620 ι,
838 1555 864 1606 e.

236 1689 265 1733 ιι
367 1659 537 1747 Aequom
558 1663 747 1726 memento
773 1658 886 1727 rebus
912 1658 952 1726 in
973 1657 1104 1727 arduis
1127 1681 1285 1730 seruare

146 1801 153 1810 .
183 1805 186 1810 .
275 1772 319 1818 m.
352 1749 452 1855 'loeo
482 1743 553 1854 ᾠδὴ
585 1748 627 1816 ed
655 1747 980 1854 Qnintumpellium
1011 1750 1132 1837 scripto
1163 1755 1213 1820 est
1244 1751 1284 1820 de

276 1840 579 1995 Ἕω
607 1839 1284 1996 illdtlidtdlit‘udldd

275 1948 753 2085 zemorituffiirmm
770 2022 808 2083 te
825 2017 865 2083 in
883 2021 1029 2120 remoto
1043 2037 1075 2104 g.
1087 1949 1164 2105 plld
1177 2017 1200 2085 f.
1212 2040 1238 2085 r.
1252 1979 1283 2086 b:

102 2097 105 2100 ¹
235 2106 311 2178 soin
336 2106 400 2174 lroo
425 2127 555 2174 oensem
582 2103 738 2193 ostendit,
766 2125 824 2174 our
849 2126 952 2192 eoquo
975 2127 1083 2174 nmmo
1106 2106 1282 2190 uiuendum

154 2251 168 2274 ·’
275 2194 647 2371 diffidit?
668 2193 1282 2373 tttttttttstttt:

274 2394 343 2460 per
368 2372 450 2439 dies
475 2371 600 2439 festos
626 2371 857 2440 reolinotum
882 2373 1020 2438 bearis.
1073 2373 1112 2439 in
1134 2380 1281 2442 remoto

274 2460 447 2548 gremino
467 2458 532 2527 hoo
553 2465 605 2526 est
625 2461 661 2526 in
687 2479 814 2527 seoeesn
840 2460 1004 2527 nemoris·
1048 2461 1281 2529 reolinotnm

231 2553 382 2622 aarum
408 2548 442 2614 id
468 2553 520 2615 est
532 2548 732 2635 resupinum
753 2547 1006 2636 recumbentem,
1027 2553 1065 2617 nt
1087 2549 1203 2638 solent,
1225 2551 1281 2638 qni

273 2637 617 2706 seonnoresetsoluto
640 2637 749 2704 animo
771 2637 835 2704 hoo
855 2637 990 2705 looiunt
1047 2639 1068 2705 9
1090 2639 1280 2708 interiore

272 2732 367 2793 note
387 2725 543 2792 Falerni
564 2725 628 2793 hoo
645 2729 709 2793 est:
731 2727 918 2813 uetustiore,
939 2727 1093 2815 quoniam
1110 2727 1280 2796 interiores

272 2814 413 2902 lugneo
426 2814 533 2882 solent
545 2835 625 2900 esse,
642 2835 724 2901 quoe
737 2813 827 2901 prins
841 2815 979 2901 stipatee
997 2820 1089 2883 sunt
1129 2817 1169 2884 11
1188 2817 1279 2906 quid

273 2902 432 3007 obliquo
458 2902 614 2971 laboret
637 2902 798 2990 lympha
822 2903 942 2992 inger
967 2909 991 2972 t
1018 2927 1043 2972 r.
1087 2905 1279 2974 subaudien-

57 3015 63 3024 ·
123 3025 146 3038 --
176 3017 182 3026 ·
230 2989 365 3065 adnm:
400 3013 429 3058 ει
464 3013 503 3058 ee
538 3012 606 3058 non
640 2991 776 3077 utimum
813 2995 847 3058 et
881 2996 932 3060 est
960 2996 1066 3060 totum
1097 2993 1280 3063 amabiliter

273 3078 404 3146 dictum.
472 3080 514 3145 13
545 3079 619 3147 hoo
645 3079 738 3147 nino
759 3084 797 3147 et
817 3101 868 3147 nn
899 3084 1017 3148 uento
1038 3086 1076 3149 et
1096 3104 1130 3148 n.
1152 3081 1183 3150 b.
1204 3083 1227 3151 f.
1249 3104 1277 3150 e

271 3167 295 3235 f.
316 3165 385 3235 ir.
406 3167 487 3256 hnc,
508 3168 631 3237 seilicet
650 3167 708 3237 nbi
720 3095 1076 3258 umbnmlospitalem
1090 3171 1278 3274 consocient

331 3453 360 3531 ,8
377 3447 469 3518 plelm
485 3465 601 3532 numero
618 3447 730 3506 drmdls
748 3449 787 3504 M
861 3454 894 3506 lt
913 3467 1054 3537 sernnrere
1072 3469 1109 3506 ιιι.
1129 3451 1169 3506 Μ
1242 3457 1274 3508 tl

130 3645 135 3652 ,
255 3517 1029 3662 mentemmentdm
1046 3524 1072 3576 ι
1185 3520 1276 3624 m
