<?xml version="1.0" encoding="UTF-8"?>
<!DOCTYPE html PUBLIC "-//W3C//DTD XHTML 1.0 Transitional//EN"
    "http://www.w3.org/TR/xhtml1/DTD/xhtml1-transitional.dtd">
<html xmlns="http://www.w3.org/1999/xhtml" xml:lang="en" lang="en">
 <head>
  <title>
</title>
<meta http-equiv="Content-Type" content="text/html;charset=utf-8" />
  <meta name='ocr-system' content='tesseract 3.04.00' />
  <meta name='ocr-capabilities' content='ocr_page ocr_carea ocr_par ocr_line ocrx_word'/>
</head>
<body>
  <div class='ocr_page' id='page_1' title='image "./commentuminhora00porpgoog_0234.png"; bbox 0 0 2708 3842; ppageno 0'>
   <div class='ocr_carea' id='block_1_1' title="bbox 440 71 1268 144">
    <p class='ocr_par' dir='ltr' id='par_1_1' title="bbox 440 71 1268 144">
     <span class='ocr_line' id='line_1_1' title="bbox 440 71 1268 144; baseline 0.013 -16"><span class='ocrx_word' id='word_1_1' title='bbox 440 71 563 128; x_wconf 78' lang='lat' dir='ltr'><strong>sunno</strong></span> <span class='ocrx_word' id='word_1_2' title='bbox 581 72 603 144; x_wconf 85' lang='lat'><strong>1,</strong></span> <span class='ocrx_word' id='word_1_3' title='bbox 621 79 648 142; x_wconf 85' lang='lat' dir='ltr'><strong>e,</strong></span> <span class='ocrx_word' id='word_1_4' title='bbox 666 77 782 130; x_wconf 78' lang='lat' dir='ltr'><strong>se-er.</strong></span> <span class='ocrx_word' id='word_1_5' title='bbox 821 107 823 112; x_wconf 83' lang='lat'><em>.</em></span> <span class='ocrx_word' id='word_1_6' title='bbox 1046 73 1113 140; x_wconf 76' lang='lat'><strong>215</strong></span> <span class='ocrx_word' id='word_1_7' title='bbox 1224 74 1227 78; x_wconf 86' lang='grc'><strong>’</strong></span> <span class='ocrx_word' id='word_1_8' title='bbox 1265 85 1268 92; x_wconf 83' lang='grc'>’</span> 
     </span>
    </p>
   </div>
   <div class='ocr_carea' id='block_1_2' title="bbox 103 231 1230 499">
    <p class='ocr_par' dir='ltr' id='par_1_2' title="bbox 103 231 1230 499">
     <span class='ocr_line' id='line_1_2' title="bbox 103 231 1113 320; baseline -0.007 -12"><span class='ocrx_word' id='word_1_9' title='bbox 103 239 251 308; x_wconf 75' lang='lat' dir='ltr'><strong>meminit</strong></span> <span class='ocrx_word' id='word_1_10' title='bbox 277 259 350 305; x_wconf 88' lang='lat' dir='ltr'><strong>oum</strong></span> <span class='ocrx_word' id='word_1_11' title='bbox 373 235 420 302; x_wconf 86' lang='lat' dir='ltr'><strong>eit</strong></span> <span class='ocrx_word' id='word_1_12' title='bbox 447 231 627 320; x_wconf 91' lang='lat' dir='ltr'><strong>Iuppiter</strong></span> <span class='ocrx_word' id='word_1_13' title='bbox 657 233 827 302; x_wconf 78' lang='lat' dir='ltr'>Anxuris</span> <span class='ocrx_word' id='word_1_14' title='bbox 865 233 970 301; x_wconf 89' lang='lat' dir='ltr'><strong>aruis</strong></span> <span class='ocrx_word' id='word_1_15' title='bbox 1005 255 1113 320; x_wconf 88' lang='lat' dir='ltr'><strong>prae·</strong></span> 
     </span>
     <span class='ocr_line' id='line_1_3' title="bbox 103 321 1230 410; baseline -0.004 -14"><span class='ocrx_word' id='word_1_16' title='bbox 103 329 213 396; x_wconf 84' lang='lat' dir='ltr'><strong>sidet</strong></span> <span class='ocrx_word' id='word_1_17' title='bbox 257 325 371 393; x_wconf 90' lang='lat' dir='ltr'><strong>merito</strong></span> <span class='ocrx_word' id='word_1_18' title='bbox 385 326 495 391; x_wconf 82' lang='lat' dir='ltr'><strong>autem</strong></span> <span class='ocrx_word' id='word_1_19' title='bbox 517 323 700 410; x_wconf 81' lang='lat' dir='ltr'><strong>repimus,</strong></span> <span class='ocrx_word' id='word_1_20' title='bbox 722 321 837 410; x_wconf 79' lang='lat' dir='ltr'><strong>inquit,</strong></span> <span class='ocrx_word' id='word_1_21' title='bbox 854 326 887 389; x_wconf 91' lang='lat' dir='ltr'><strong>et</strong></span> <span class='ocrx_word' id='word_1_22' title='bbox 899 322 1113 409; x_wconf 89' lang='lat' dir='ltr'><strong>inpositum</strong></span> <span class='ocrx_word' id='word_1_23' title='bbox 1223 361 1230 374; x_wconf 92' lang='lat'><strong>·</strong></span> 
     </span>
     <span class='ocr_line' id='line_1_4' title="bbox 103 411 1112 499; baseline -0.005 -16"><span class='ocrx_word' id='word_1_24' title='bbox 103 417 207 484; x_wconf 86' lang='lat' dir='ltr'><strong>sexis</strong></span> <span class='ocrx_word' id='word_1_25' title='bbox 237 417 384 497; x_wconf 81' lang='lat' dir='ltr'>Anxur,</span> <span class='ocrx_word' id='word_1_26' title='bbox 414 411 569 499; x_wconf 86' lang='lat' dir='ltr'><strong>quoniam</strong></span> <span class='ocrx_word' id='word_1_27' title='bbox 594 411 659 478; x_wconf 90' lang='lat' dir='ltr'><strong>illis</strong></span> <span class='ocrx_word' id='word_1_28' title='bbox 686 411 885 498; x_wconf 76' lang='lat' dir='ltr'><strong>temporibus</strong></span> <span class='ocrx_word' id='word_1_29' title='bbox 908 411 1013 478; x_wconf 88' lang='lat' dir='ltr'><strong>adhue</strong></span> <span class='ocrx_word' id='word_1_30' title='bbox 1034 411 1112 478; x_wconf 84' lang='lat' dir='ltr'><strong>Tar-</strong></span> 
     </span>
    </p>
   </div>
   <div class='ocr_carea' id='block_1_3' title="bbox 12 498 1113 584">
    <p class='ocr_par' dir='ltr' id='par_1_3' title="bbox 12 498 1113 584">
     <span class='ocr_line' id='line_1_5' title="bbox 12 498 1113 584; baseline -0.005 -13"><span class='ocrx_word' id='word_1_31' title='bbox 12 521 14 527; x_wconf 80' lang='grc'>’</span> <span class='ocrx_word' id='word_1_32' title='bbox 102 503 277 570; x_wconf 79' lang='lat' dir='ltr'><strong>recinensis</strong></span> <span class='ocrx_word' id='word_1_33' title='bbox 298 501 375 567; x_wconf 86' lang='lat' dir='ltr'><strong>urbe</strong></span> <span class='ocrx_word' id='word_1_34' title='bbox 397 500 433 566; x_wconf 92' lang='lat' dir='ltr'><strong>in</strong></span> <span class='ocrx_word' id='word_1_35' title='bbox 456 498 613 566; x_wconf 81' lang='lat' dir='ltr'><strong>altissimo</strong></span> <span class='ocrx_word' id='word_1_36' title='bbox 636 503 853 582; x_wconf 71' lang='lat' dir='ltr'><strong>mentemst,</strong></span> <span class='ocrx_word' id='word_1_37' title='bbox 882 499 967 565; x_wconf 90' lang='lat' dir='ltr'><strong>unde</strong></span> <span class='ocrx_word' id='word_1_38' title='bbox 998 505 1113 584; x_wconf 88' lang='lat' dir='ltr'><strong>postea</strong></span> 
     </span>
    </p>
   </div>
   <div class='ocr_carea' id='block_1_4' title="bbox 98 587 1231 1102">
    <p class='ocr_par' dir='ltr' id='par_1_4' title="bbox 98 587 1231 1102">
     <span class='ocr_line' id='line_1_6' title="bbox 101 587 1139 677; baseline -0.011 -19"><span class='ocrx_word' id='word_1_39' title='bbox 101 591 139 658; x_wconf 87' lang='lat' dir='ltr'><strong>in</strong></span> <span class='ocrx_word' id='word_1_40' title='bbox 174 591 357 677; x_wconf 87' lang='lat' dir='ltr'><strong>aequiorem</strong></span> <span class='ocrx_word' id='word_1_41' title='bbox 394 587 501 655; x_wconf 88' lang='lat' dir='ltr'><strong>looum</strong></span> <span class='ocrx_word' id='word_1_42' title='bbox 536 587 685 674; x_wconf 90' lang='lat' dir='ltr'><strong>deposita</strong></span> <span class='ocrx_word' id='word_1_43' title='bbox 720 592 783 672; x_wconf 88' lang='lat' dir='ltr'><strong>est,</strong></span> <span class='ocrx_word' id='word_1_44' title='bbox 823 589 860 652; x_wconf 91' lang='lat' dir='ltr'><strong>ut</strong></span> <span class='ocrx_word' id='word_1_45' title='bbox 894 590 971 654; x_wconf 86' lang='lat' dir='ltr'><strong>eunt</strong></span> <span class='ocrx_word' id='word_1_46' title='bbox 1006 587 1139 654; x_wconf 83' lang='lat' dir='ltr'><strong>adhuoe</strong></span> 
     </span>
     <span class='ocr_line' id='line_1_7' title="bbox 102 675 1118 766; baseline -0.005 -21"><span class='ocrx_word' id='word_1_47' title='bbox 102 679 241 766; x_wconf 77' lang='lat' dir='ltr'><strong>uestigia</strong></span> <span class='ocrx_word' id='word_1_48' title='bbox 270 675 490 743; x_wconf 78' lang='lat' dir='ltr'><strong>aedificiorum</strong></span> <span class='ocrx_word' id='word_1_49' title='bbox 519 675 556 742; x_wconf 90' lang='lat' dir='ltr'><strong>in</strong></span> <span class='ocrx_word' id='word_1_50' title='bbox 586 679 710 760; x_wconf 84' lang='lat' dir='ltr'><strong>monte,</strong></span> <span class='ocrx_word' id='word_1_51' title='bbox 742 675 799 742; x_wconf 91' lang='lat' dir='ltr'><strong>sed</strong></span> <span class='ocrx_word' id='word_1_52' title='bbox 829 679 863 741; x_wconf 91' lang='lat' dir='ltr'><strong>et</strong></span> <span class='ocrx_word' id='word_1_53' title='bbox 893 696 1067 742; x_wconf 88' lang='lat' dir='ltr'><strong>murorum</strong></span> <span class='ocrx_word' id='word_1_54' title='bbox 1108 709 1118 722; x_wconf 76' lang='lat'>=</span> 
     </span>
     <span class='ocr_line' id='line_1_8' title="bbox 102 763 1111 852; baseline -0.001 -20"><span class='ocrx_word' id='word_1_55' title='bbox 102 767 145 833; x_wconf 78' lang='lat'><strong>26</strong></span> <span class='ocrx_word' id='word_1_56' title='bbox 180 765 391 852; x_wconf 89' lang='lat' dir='ltr'><strong>inpositum</strong></span> <span class='ocrx_word' id='word_1_57' title='bbox 428 763 532 831; x_wconf 85' lang='lat' dir='ltr'><strong>saxis</strong></span> <span class='ocrx_word' id='word_1_58' title='bbox 567 763 647 831; x_wconf 88' lang='lat' dir='ltr'><strong>late</strong></span> <span class='ocrx_word' id='word_1_59' title='bbox 683 763 940 831; x_wconf 80' lang='lat' dir='ltr'><strong>candentibus</strong></span> <span class='ocrx_word' id='word_1_60' title='bbox 973 763 1111 831; x_wconf 78' lang='lat' dir='ltr'><strong>Anxur.</strong></span> 
     </span>
     <span class='ocr_line' id='line_1_9' title="bbox 101 852 1110 940; baseline -0.002 -20"><span class='ocrx_word' id='word_1_61' title='bbox 101 875 196 921; x_wconf 90' lang='lat' dir='ltr'><strong>mons</strong></span> <span class='ocrx_word' id='word_1_62' title='bbox 218 853 282 940; x_wconf 81' lang='lat' dir='ltr'><strong>iile,</strong></span> <span class='ocrx_word' id='word_1_63' title='bbox 303 853 339 920; x_wconf 91' lang='lat' dir='ltr'><strong>in</strong></span> <span class='ocrx_word' id='word_1_64' title='bbox 361 875 427 940; x_wconf 90' lang='lat' dir='ltr'><strong>quo</strong></span> <span class='ocrx_word' id='word_1_65' title='bbox 448 852 624 920; x_wconf 76' lang='lat' dir='ltr'><strong>Tarracina</strong></span> <span class='ocrx_word' id='word_1_66' title='bbox 646 853 824 921; x_wconf 85' lang='lat' dir='ltr'><strong>eonstituta</strong></span> <span class='ocrx_word' id='word_1_67' title='bbox 847 855 925 937; x_wconf 87' lang='lat' dir='ltr'><strong>erat,</strong></span> <span class='ocrx_word' id='word_1_68' title='bbox 946 873 1014 919; x_wconf 92' lang='lat' dir='ltr'><strong>non</strong></span> <span class='ocrx_word' id='word_1_69' title='bbox 1035 873 1110 918; x_wconf 80' lang='lat' dir='ltr'><strong>oau-</strong></span> 
     </span>
     <span class='ocr_line' id='line_1_10' title="bbox 99 940 1231 1030; baseline 0.003 -21"><span class='ocrx_word' id='word_1_70' title='bbox 99 942 176 1009; x_wconf 89' lang='lat' dir='ltr'><strong>dide</strong></span> <span class='ocrx_word' id='word_1_71' title='bbox 198 965 275 1010; x_wconf 86' lang='lat' dir='ltr'><strong>saxa</strong></span> <span class='ocrx_word' id='word_1_72' title='bbox 296 941 408 1030; x_wconf 86' lang='lat' dir='ltr'><strong>habet,</strong></span> <span class='ocrx_word' id='word_1_73' title='bbox 430 944 487 1010; x_wconf 86' lang='lat' dir='ltr'><strong>sed</strong></span> <span class='ocrx_word' id='word_1_74' title='bbox 509 941 588 1009; x_wconf 78' lang='lat' dir='ltr'><strong>orlei</strong></span> <span class='ocrx_word' id='word_1_75' title='bbox 611 941 796 1028; x_wconf 77' lang='lat' dir='ltr'>coquendae</span> <span class='ocrx_word' id='word_1_76' title='bbox 819 940 996 1028; x_wconf 85' lang='lat' dir='ltr'><strong>aptissima</strong></span> <span class='ocrx_word' id='word_1_77' title='bbox 1031 962 1108 1029; x_wconf 79' lang='lat' dir='ltr'><strong>ergo</strong></span> <span class='ocrx_word' id='word_1_78' title='bbox 1224 969 1231 1012; x_wconf 89' lang='lat'><strong>·.</strong></span> 
     </span>
     <span class='ocr_line' id='line_1_11' title="bbox 98 1029 1152 1102; baseline 0.005 -4"><span class='ocrx_word' id='word_1_79' title='bbox 98 1033 228 1098; x_wconf 71' lang='lat' dir='ltr'><strong>aculeo</strong></span> <span class='ocrx_word' id='word_1_80' title='bbox 251 1032 379 1100; x_wconf 88' lang='lat' dir='ltr'><strong>uidetur</strong></span> <span class='ocrx_word' id='word_1_81' title='bbox 401 1031 538 1100; x_wconf 80' lang='lat' dir='ltr'><strong>eandida</strong></span> <span class='ocrx_word' id='word_1_82' title='bbox 560 1031 686 1099; x_wconf 79' lang='lat' dir='ltr'><strong>dixisse.</strong></span> <span class='ocrx_word' id='word_1_83' title='bbox 754 1031 796 1098; x_wconf 72' lang='lat'><strong>27</strong></span> <span class='ocrx_word' id='word_1_84' title='bbox 828 1029 901 1098; x_wconf 88' lang='lat' dir='ltr'><strong>huo</strong></span> <span class='ocrx_word' id='word_1_85' title='bbox 923 1034 1109 1098; x_wconf 84' lang='lat' dir='ltr'><strong>uenturus</strong></span> <span class='ocrx_word' id='word_1_86' title='bbox 1124 1060 1152 1102; x_wconf 82' lang='lat' dir='ltr'><strong>re</strong></span> 
     </span>
    </p>
   </div>
   <div class='ocr_carea' id='block_1_5' title="bbox 99 1119 1349 1208">
    <p class='ocr_par' dir='ltr' id='par_1_5' title="bbox 99 1119 1349 1208">
     <span class='ocr_line' id='line_1_12' title="bbox 99 1119 1349 1208; baseline 0 -22"><span class='ocrx_word' id='word_1_87' title='bbox 99 1124 184 1187; x_wconf 90' lang='lat' dir='ltr'><strong>erat</strong></span> <span class='ocrx_word' id='word_1_88' title='bbox 214 1120 416 1189; x_wconf 72' lang='lat' dir='ltr'><strong>Maecenas</strong></span> <span class='ocrx_word' id='word_1_89' title='bbox 447 1125 481 1188; x_wconf 87' lang='lat' dir='ltr'><strong>et</strong></span> <span class='ocrx_word' id='word_1_90' title='bbox 511 1121 645 1208; x_wconf 88' lang='lat' dir='ltr'><strong>reliqua.</strong></span> <span class='ocrx_word' id='word_1_91' title='bbox 694 1120 892 1188; x_wconf 75' lang='lat' dir='ltr'><strong>dissensione</strong></span> <span class='ocrx_word' id='word_1_92' title='bbox 924 1123 997 1186; x_wconf 88' lang='lat' dir='ltr'><strong>orte</strong></span> <span class='ocrx_word' id='word_1_93' title='bbox 1025 1119 1110 1187; x_wconf 90' lang='lat' dir='ltr'><strong>inter</strong></span> <span class='ocrx_word' id='word_1_94' title='bbox 1222 1195 1231 1206; x_wconf 72' lang='lat'>,</span> <span class='ocrx_word' id='word_1_95' title='bbox 1348 1155 1349 1164; x_wconf 23' lang='grc' dir='ltr'><strong>κ</strong></span> 
     </span>
    </p>
   </div>
   <div class='ocr_carea' id='block_1_6' title="bbox 99 1206 1108 1299">
    <p class='ocr_par' dir='ltr' id='par_1_6' title="bbox 99 1206 1108 1299">
     <span class='ocr_line' id='line_1_13' title="bbox 99 1206 1108 1299; baseline -0.002 -21"><span class='ocrx_word' id='word_1_96' title='bbox 99 1206 269 1278; x_wconf 80' lang='lat' dir='ltr'><strong>Gaesarem</strong></span> <span class='ocrx_word' id='word_1_97' title='bbox 310 1208 496 1299; x_wconf 77' lang='lat' dir='ltr'><strong>Augustum</strong></span> <span class='ocrx_word' id='word_1_98' title='bbox 533 1209 777 1296; x_wconf 76' lang='lat' dir='ltr'><strong>Antoniumque</strong></span> <span class='ocrx_word' id='word_1_99' title='bbox 812 1207 930 1276; x_wconf 84' lang='lat' dir='ltr'><strong>Lucius</strong></span> <span class='ocrx_word' id='word_1_100' title='bbox 958 1206 1108 1277; x_wconf 83' lang='lat' dir='ltr'><strong>Coeeeius</strong></span> 
     </span>
    </p>
   </div>
   <div class='ocr_carea' id='block_1_7' title="bbox 97 1279 1294 1386">
    <p class='ocr_par' dir='ltr' id='par_1_7' title="bbox 97 1279 1294 1386">
     <span class='ocr_line' id='line_1_14' title="bbox 97 1279 1294 1386; baseline 0.001 -21"><span class='ocrx_word' id='word_1_101' title='bbox 97 1297 209 1367; x_wconf 88' lang='lat' dir='ltr'><strong>Nerua</strong></span> <span class='ocrx_word' id='word_1_102' title='bbox 231 1321 312 1367; x_wconf 88' lang='lat' dir='ltr'><strong>auus</strong></span> <span class='ocrx_word' id='word_1_103' title='bbox 335 1300 417 1386; x_wconf 85' lang='lat' dir='ltr'><strong>eius,</strong></span> <span class='ocrx_word' id='word_1_104' title='bbox 445 1299 502 1386; x_wconf 90' lang='lat' dir='ltr'><strong>qui</strong></span> <span class='ocrx_word' id='word_1_105' title='bbox 530 1303 645 1386; x_wconf 85' lang='lat' dir='ltr'><strong>postea</strong></span> <span class='ocrx_word' id='word_1_106' title='bbox 671 1298 857 1385; x_wconf 88' lang='lat' dir='ltr'><strong>imperauit,</strong></span> <span class='ocrx_word' id='word_1_107' title='bbox 884 1298 967 1385; x_wconf 86' lang='lat' dir='ltr'><strong>petit</strong></span> <span class='ocrx_word' id='word_1_108' title='bbox 989 1320 1009 1363; x_wconf 90' lang='lat' dir='ltr'><strong>a</strong></span> <span class='ocrx_word' id='word_1_109' title='bbox 1031 1296 1109 1366; x_wconf 81' lang='lat' dir='ltr'><strong>an-</strong></span> <span class='ocrx_word' id='word_1_110' title='bbox 1270 1279 1294 1298; x_wconf 51' lang='lat'>⁸</span> 
     </span>
    </p>
   </div>
   <div class='ocr_carea' id='block_1_8' title="bbox 91 1387 1215 3168">
    <p class='ocr_par' dir='ltr' id='par_1_8' title="bbox 91 1387 1215 3168">
     <span class='ocr_line' id='line_1_15' title="bbox 97 1390 1196 1477; baseline -0.001 -22"><span class='ocrx_word' id='word_1_111' title='bbox 97 1409 179 1475; x_wconf 83' lang='lat' dir='ltr'><strong>sare,</strong></span> <span class='ocrx_word' id='word_1_112' title='bbox 201 1391 238 1456; x_wconf 90' lang='lat' dir='ltr'><strong>ut</strong></span> <span class='ocrx_word' id='word_1_113' title='bbox 259 1390 413 1477; x_wconf 86' lang='lat' dir='ltr'><strong>ahquem,</strong></span> <span class='ocrx_word' id='word_1_114' title='bbox 434 1411 509 1457; x_wconf 89' lang='lat' dir='ltr'><strong>eum</strong></span> <span class='ocrx_word' id='word_1_115' title='bbox 532 1410 595 1476; x_wconf 90' lang='lat' dir='ltr'><strong>quo</strong></span> <span class='ocrx_word' id='word_1_116' title='bbox 635 1409 798 1456; x_wconf 86' lang='lat' dir='ltr'><strong>asumma</strong></span> <span class='ocrx_word' id='word_1_117' title='bbox 819 1408 926 1454; x_wconf 88' lang='lat' dir='ltr'><strong>rerum</strong></span> <span class='ocrx_word' id='word_1_118' title='bbox 948 1391 1016 1455; x_wconf 88' lang='lat' dir='ltr'><strong>trae</strong></span> <span class='ocrx_word' id='word_1_119' title='bbox 1085 1391 1109 1475; x_wconf 82' lang='lat' dir='ltr'><strong>t,</strong></span> <span class='ocrx_word' id='word_1_120' title='bbox 1188 1431 1196 1442; x_wconf 77' lang='lat'><em>,</em></span> 
     </span>
     <span class='ocr_line' id='line_1_16' title="bbox 294 1387 1084 1456; baseline -0.001 -1"><span class='ocrx_word' id='word_1_121' title='bbox 294 1389 301 1404; x_wconf 90' lang='lat'>&#39;</span> <span class='ocrx_word' id='word_1_122' title='bbox 613 1387 634 1456; x_wconf 92' lang='lat' dir='ltr'><strong>d</strong></span> <span class='ocrx_word' id='word_1_123' title='bbox 1017 1389 1084 1454; x_wconf 85' lang='lat' dir='ltr'><strong>tare</strong></span> 
     </span>
     <span class='ocr_line' id='line_1_17' title="bbox 98 1476 1149 1565; baseline 0.005 -22"><span class='ocrx_word' id='word_1_124' title='bbox 98 1479 241 1544; x_wconf 85' lang='lat' dir='ltr'><strong>mitteret</strong></span> <span class='ocrx_word' id='word_1_125' title='bbox 268 1477 486 1547; x_wconf 80' lang='lat' dir='ltr'><strong>Tarracinam</strong></span> <span class='ocrx_word' id='word_1_126' title='bbox 531 1483 565 1546; x_wconf 91' lang='lat' dir='ltr'><strong>et</strong></span> <span class='ocrx_word' id='word_1_127' title='bbox 595 1478 736 1565; x_wconf 87' lang='lat' dir='ltr'><strong>primum</strong></span> <span class='ocrx_word' id='word_1_128' title='bbox 757 1476 938 1562; x_wconf 76' lang='lat' dir='ltr'><strong>Maecenas,</strong></span> <span class='ocrx_word' id='word_1_129' title='bbox 968 1499 1044 1545; x_wconf 88' lang='lat' dir='ltr'><strong>mor</strong></span> <span class='ocrx_word' id='word_1_130' title='bbox 1075 1482 1149 1548; x_wconf 83' lang='lat' dir='ltr'><strong>etu</strong></span> 
     </span>
     <span class='ocr_line' id='line_1_18' title="bbox 99 1565 1215 1670; baseline 0.004 -40"><span class='ocrx_word' id='word_1_131' title='bbox 99 1565 246 1652; x_wconf 80' lang='lat' dir='ltr'><strong>Agrippa</strong></span> <span class='ocrx_word' id='word_1_132' title='bbox 269 1567 421 1670; x_wconf 43' lang='lat' dir='ltr'><strong>&#39;adgressi</strong></span> <span class='ocrx_word' id='word_1_133' title='bbox 443 1570 543 1670; x_wconf 36' lang='lat' dir='ltr'><strong>&#39;‘sunt,</strong></span> <span class='ocrx_word' id='word_1_134' title='bbox 573 1566 684 1652; x_wconf 89' lang='lat' dir='ltr'><strong>hique,</strong></span> <span class='ocrx_word' id='word_1_135' title='bbox 715 1567 770 1652; x_wconf 88' lang='lat' dir='ltr'><strong>qui</strong></span> <span class='ocrx_word' id='word_1_136' title='bbox 799 1566 991 1670; x_wconf 77' lang='lat' dir='ltr'><strong>pepigerant</strong></span> <span class='ocrx_word' id='word_1_137' title='bbox 1012 1565 1108 1670; x_wconf 75' lang='lat' dir='ltr'><strong>fidem</strong></span> <span class='ocrx_word' id='word_1_138' title='bbox 1211 1583 1215 1590; x_wconf 87' lang='grc'>·</span> 
     </span>
     <span class='ocr_line' id='line_1_19' title="bbox 97 1653 1112 1844; baseline 0.012 -38"><span class='ocrx_word' id='word_1_139' title='bbox 97 1653 566 1844; x_wconf 58' lang='lat' dir='ltr'><strong>assereremus?</strong></span> <span class='ocrx_word' id='word_1_140' title='bbox 587 1654 904 1810; x_wconf 61' lang='lat' dir='ltr'><strong>emete⁸¹</strong></span> <span class='ocrx_word' id='word_1_141' title='bbox 930 1658 1112 1818; x_wconf 64' lang='lat' dir='ltr'><strong>seu·</strong></span> 
     </span>
     <span class='ocr_line' id='line_1_20' title="bbox 95 1828 1132 1919; baseline -0.002 -23"><span class='ocrx_word' id='word_1_142' title='bbox 95 1829 178 1897; x_wconf 90' lang='lat' dir='ltr'><strong>hbro</strong></span> <span class='ocrx_word' id='word_1_143' title='bbox 206 1828 358 1898; x_wconf 82' lang='lat' dir='ltr'>CXXVH</span> <span class='ocrx_word' id='word_1_144' title='bbox 386 1831 486 1900; x_wconf 76' lang='lat' dir='ltr'><strong>refert</strong></span> <span class='ocrx_word' id='word_1_145' title='bbox 516 1835 650 1918; x_wconf 85' lang='lat' dir='ltr'><strong>exeepto</strong></span> <span class='ocrx_word' id='word_1_146' title='bbox 678 1831 793 1899; x_wconf 80' lang='lat' dir='ltr'><strong>Fontei</strong></span> <span class='ocrx_word' id='word_1_147' title='bbox 822 1829 990 1919; x_wconf 82' lang='lat' dir='ltr'><strong>Capitonis</strong></span> <span class='ocrx_word' id='word_1_148' title='bbox 1018 1853 1132 1898; x_wconf 78' lang='lat' dir='ltr'><strong>men.</strong></span> 
     </span>
     <span class='ocr_line' id='line_1_21' title="bbox 95 1919 1147 2025; baseline 0.005 -39"><span class='ocrx_word' id='word_1_149' title='bbox 95 1919 193 1986; x_wconf 72' lang='lat' dir='ltr'><strong>done.</strong></span> <span class='ocrx_word' id='word_1_150' title='bbox 259 1919 304 1986; x_wconf 83' lang='lat'><strong>32</strong></span> <span class='ocrx_word' id='word_1_151' title='bbox 326 1919 372 1987; x_wconf 91' lang='lat' dir='ltr'><strong>ad</strong></span> <span class='ocrx_word' id='word_1_152' title='bbox 395 1941 559 2025; x_wconf 74' lang='lat' dir='ltr'><strong>unguem</strong></span> <span class='ocrx_word' id='word_1_153' title='bbox 580 1921 710 1988; x_wconf 81' lang='lat' dir='ltr'><strong>faetus</strong></span> <span class='ocrx_word' id='word_1_154' title='bbox 732 1919 853 1988; x_wconf 89' lang='lat' dir='ltr'><strong>homo.</strong></span> <span class='ocrx_word' id='word_1_155' title='bbox 896 1920 1068 1988; x_wconf 77' lang='lat' dir='ltr'><strong>translatio</strong></span> <span class='ocrx_word' id='word_1_156' title='bbox 1087 1942 1147 1991; x_wconf 80' lang='lat' dir='ltr'><strong>aee</strong></span> 
     </span>
     <span class='ocr_line' id='line_1_22' title="bbox 95 2009 1107 2095; baseline 0.004 -21"><span class='ocrx_word' id='word_1_157' title='bbox 95 2009 328 2093; x_wconf 66' lang='lat' dir='ltr'><strong>marmorario,</strong></span> <span class='ocrx_word' id='word_1_158' title='bbox 363 2010 420 2095; x_wconf 94' lang='lat' dir='ltr'><strong>qui</strong></span> <span class='ocrx_word' id='word_1_159' title='bbox 450 2014 616 2076; x_wconf 74' lang='lat' dir='ltr'><strong>iuncturas</strong></span> <span class='ocrx_word' id='word_1_160' title='bbox 649 2030 846 2076; x_wconf 88' lang='lat' dir='ltr'><strong>marmomm</strong></span> <span class='ocrx_word' id='word_1_161' title='bbox 876 2013 947 2076; x_wconf 90' lang='lat' dir='ltr'><strong>tum</strong></span> <span class='ocrx_word' id='word_1_162' title='bbox 978 2009 1107 2078; x_wconf 91' lang='lat' dir='ltr'><strong>demum</strong></span> 
     </span>
     <span class='ocr_line' id='line_1_23' title="bbox 94 2097 1207 2186; baseline 0.004 -23"><span class='ocrx_word' id='word_1_163' title='bbox 94 2097 253 2184; x_wconf 80' lang='lat' dir='ltr'><strong>perfectas</strong></span> <span class='ocrx_word' id='word_1_164' title='bbox 276 2097 401 2182; x_wconf 85' lang='lat' dir='ltr'><strong>dieunt,</strong></span> <span class='ocrx_word' id='word_1_165' title='bbox 430 2097 459 2164; x_wconf 91' lang='lat' dir='ltr'><strong>si</strong></span> <span class='ocrx_word' id='word_1_166' title='bbox 485 2098 604 2186; x_wconf 82' lang='lat' dir='ltr'><strong>unguis</strong></span> <span class='ocrx_word' id='word_1_167' title='bbox 631 2098 842 2186; x_wconf 79' lang='lat' dir='ltr'><strong>superductus</strong></span> <span class='ocrx_word' id='word_1_168' title='bbox 864 2118 933 2165; x_wconf 90' lang='lat' dir='ltr'><strong>non</strong></span> <span class='ocrx_word' id='word_1_169' title='bbox 955 2097 1108 2167; x_wconf 85' lang='lat' dir='ltr'><strong>offendet.</strong></span> <span class='ocrx_word' id='word_1_170' title='bbox 1202 2121 1207 2130; x_wconf 88' lang='lat'><strong>·</strong></span> 
     </span>
     <span class='ocr_line' id='line_1_24' title="bbox 95 2185 1105 2273; baseline 0.003 -22"><span class='ocrx_word' id='word_1_171' title='bbox 95 2185 180 2252; x_wconf 91' lang='lat' dir='ltr'><strong>unde</strong></span> <span class='ocrx_word' id='word_1_172' title='bbox 215 2185 281 2252; x_wconf 89' lang='lat' dir='ltr'><strong>iam</strong></span> <span class='ocrx_word' id='word_1_173' title='bbox 317 2207 536 2272; x_wconf 74' lang='lat' dir='ltr'><strong>quaecumque</strong></span> <span class='ocrx_word' id='word_1_174' title='bbox 576 2187 811 2273; x_wconf 80' lang='lat' dir='ltr'><strong>perfectissime</strong></span> <span class='ocrx_word' id='word_1_175' title='bbox 850 2207 921 2254; x_wconf 87' lang='lat' dir='ltr'><strong>esse</strong></span> <span class='ocrx_word' id='word_1_176' title='bbox 955 2186 1105 2254; x_wconf 84' lang='lat' dir='ltr'><strong>uolumus</strong></span> 
     </span>
     <span class='ocr_line' id='line_1_25' title="bbox 93 2273 1106 2362; baseline 0.003 -22"><span class='ocrx_word' id='word_1_177' title='bbox 93 2273 276 2362; x_wconf 79' lang='lat' dir='ltr'><strong>significare</strong></span> <span class='ocrx_word' id='word_1_178' title='bbox 308 2273 350 2340; x_wconf 90' lang='lat' dir='ltr'><strong>ad</strong></span> <span class='ocrx_word' id='word_1_179' title='bbox 381 2295 524 2362; x_wconf 82' lang='lat' dir='ltr'><strong>unguem</strong></span> <span class='ocrx_word' id='word_1_180' title='bbox 553 2274 642 2341; x_wconf 85' lang='lat' dir='ltr'><strong>faeta</strong></span> <span class='ocrx_word' id='word_1_181' title='bbox 671 2275 817 2343; x_wconf 77' lang='lat' dir='ltr'><strong>dicimus.</strong></span> <span class='ocrx_word' id='word_1_182' title='bbox 897 2275 941 2342; x_wconf 81' lang='lat'><strong>35</strong></span> <span class='ocrx_word' id='word_1_183' title='bbox 976 2275 1106 2343; x_wconf 91' lang='lat' dir='ltr'><strong>insani</strong></span> 
     </span>
     <span class='ocr_line' id='line_1_26' title="bbox 92 2363 1147 2451; baseline 0.009 -24"><span class='ocrx_word' id='word_1_184' title='bbox 92 2363 265 2430; x_wconf 85' lang='lat' dir='ltr'><strong>ridentes</strong></span> <span class='ocrx_word' id='word_1_185' title='bbox 292 2363 462 2450; x_wconf 86' lang='lat' dir='ltr'><strong>praemia</strong></span> <span class='ocrx_word' id='word_1_186' title='bbox 485 2363 634 2430; x_wconf 86' lang='lat' dir='ltr'><strong>soribae</strong></span> <span class='ocrx_word' id='word_1_187' title='bbox 656 2367 899 2451; x_wconf 75' lang='lat' dir='ltr'><strong>praetextam</strong></span> <span class='ocrx_word' id='word_1_188' title='bbox 926 2367 964 2431; x_wconf 90' lang='lat' dir='ltr'><strong>et</strong></span> <span class='ocrx_word' id='word_1_189' title='bbox 983 2365 1147 2436; x_wconf 80' lang='lat' dir='ltr'><strong>letumrs</strong></span> 
     </span>
     <span class='ocr_line' id='line_1_27' title="bbox 92 2451 1105 2558; baseline 0.003 -40"><span class='ocrx_word' id='word_1_190' title='bbox 92 2451 242 2520; x_wconf 79' lang='lat' dir='ltr'><strong>clauum</strong></span> <span class='ocrx_word' id='word_1_191' title='bbox 264 2473 496 2556; x_wconf 37' lang='lat' dir='ltr'><strong>&#39;prunaeque</strong></span> <span class='ocrx_word' id='word_1_192' title='bbox 527 2453 716 2557; x_wconf 71' lang='lat' dir='ltr'><strong>uatillum.</strong></span> <span class='ocrx_word' id='word_1_193' title='bbox 762 2453 934 2558; x_wconf 39' lang='lat' dir='ltr'><strong>&#39;Aufidium</strong></span> <span class='ocrx_word' id='word_1_194' title='bbox 964 2452 1105 2558; x_wconf 78' lang='lat' dir='ltr'><strong>Luscum</strong></span> 
     </span>
     <span class='ocr_line' id='line_1_28' title="bbox 92 2539 1105 2734; baseline 0.004 -38"><span class='ocrx_word' id='word_1_195' title='bbox 92 2539 1105 2734; x_wconf 52' lang='lat' dir='ltr'><strong>t{ptzffirtrtntwetffifltttt‘ueffieffi</strong></span> 
     </span>
     <span class='ocr_line' id='line_1_29' title="bbox 92 2718 1103 2810; baseline 0.005 -24"><span class='ocrx_word' id='word_1_196' title='bbox 92 2718 192 2788; x_wconf 80' lang='lat' dir='ltr'><strong>fursee</strong></span> <span class='ocrx_word' id='word_1_197' title='bbox 215 2723 274 2808; x_wconf 84' lang='lat' dir='ltr'><strong>art,</strong></span> <span class='ocrx_word' id='word_1_198' title='bbox 296 2719 383 2809; x_wconf 91' lang='lat' dir='ltr'><strong>quod</strong></span> <span class='ocrx_word' id='word_1_199' title='bbox 405 2719 516 2810; x_wconf 81' lang='lat' dir='ltr'><strong>magni</strong></span> <span class='ocrx_word' id='word_1_200' title='bbox 537 2720 694 2808; x_wconf 90' lang='lat' dir='ltr'><strong>penderet</strong></span> <span class='ocrx_word' id='word_1_201' title='bbox 714 2722 863 2790; x_wconf 90' lang='lat' dir='ltr'><strong>indutum</strong></span> <span class='ocrx_word' id='word_1_202' title='bbox 886 2746 921 2790; x_wconf 90' lang='lat' dir='ltr'><strong>se</strong></span> <span class='ocrx_word' id='word_1_203' title='bbox 943 2744 1013 2790; x_wconf 90' lang='lat' dir='ltr'><strong>esse</strong></span> <span class='ocrx_word' id='word_1_204' title='bbox 1035 2721 1103 2790; x_wconf 79' lang='lat' dir='ltr'><strong>luto</strong></span> 
     </span>
     <span class='ocr_line' id='line_1_30' title="bbox 92 2809 1145 2900; baseline 0.004 -24"><span class='ocrx_word' id='word_1_205' title='bbox 92 2809 184 2877; x_wconf 89' lang='lat' dir='ltr'><strong>elauo</strong></span> <span class='ocrx_word' id='word_1_206' title='bbox 208 2831 246 2878; x_wconf 86' lang='lat' dir='ltr'><strong>ao</strong></span> <span class='ocrx_word' id='word_1_207' title='bbox 267 2815 436 2899; x_wconf 85' lang='lat' dir='ltr'><strong>praetexta</strong></span> <span class='ocrx_word' id='word_1_208' title='bbox 461 2814 495 2878; x_wconf 91' lang='lat' dir='ltr'><strong>et</strong></span> <span class='ocrx_word' id='word_1_209' title='bbox 521 2812 560 2878; x_wconf 86' lang='lat' dir='ltr'><strong>de</strong></span> <span class='ocrx_word' id='word_1_210' title='bbox 588 2811 712 2880; x_wconf 80' lang='lat' dir='ltr'><strong>baineis</strong></span> <span class='ocrx_word' id='word_1_211' title='bbox 738 2812 876 2900; x_wconf 79' lang='lat' dir='ltr'><strong>publicis</strong></span> <span class='ocrx_word' id='word_1_212' title='bbox 899 2835 1019 2900; x_wconf 83' lang='lat' dir='ltr'><strong>prunas</strong></span> <span class='ocrx_word' id='word_1_213' title='bbox 1041 2811 1145 2880; x_wconf 72' lang='lat' dir='ltr'><strong>sibino</strong></span> 
     </span>
     <span class='ocr_line' id='line_1_31' title="bbox 92 2897 1104 2972; baseline 0.004 -5"><span class='ocrx_word' id='word_1_214' title='bbox 92 2897 222 2967; x_wconf 89' lang='lat' dir='ltr'><strong>domum</strong></span> <span class='ocrx_word' id='word_1_215' title='bbox 244 2899 482 2969; x_wconf 87' lang='lat' dir='ltr'><strong>amediastinis</strong></span> <span class='ocrx_word' id='word_1_216' title='bbox 504 2901 632 2970; x_wconf 76' lang='lat' dir='ltr'><strong>adferri.</strong></span> <span class='ocrx_word' id='word_1_217' title='bbox 698 2902 741 2969; x_wconf 76' lang='lat'><strong>37</strong></span> <span class='ocrx_word' id='word_1_218' title='bbox 764 2901 805 2969; x_wconf 92' lang='lat' dir='ltr'><strong>in</strong></span> <span class='ocrx_word' id='word_1_219' title='bbox 826 2901 1104 2972; x_wconf 88' lang='lat' dir='ltr'><strong>Mamurrarum</strong></span> 
     </span>
     <span class='ocr_line' id='line_1_32' title="bbox 91 2989 1104 3068; baseline 0.006 -14"><span class='ocrx_word' id='word_1_220' title='bbox 91 2989 187 3057; x_wconf 88' lang='lat' dir='ltr'><strong>lessi</strong></span> <span class='ocrx_word' id='word_1_221' title='bbox 219 2990 356 3060; x_wconf 89' lang='lat' dir='ltr'><strong>deinde</strong></span> <span class='ocrx_word' id='word_1_222' title='bbox 387 2991 481 3058; x_wconf 90' lang='lat' dir='ltr'><strong>urbe</strong></span> <span class='ocrx_word' id='word_1_223' title='bbox 510 3012 711 3068; x_wconf 81' lang='lat' dir='ltr'><strong>manemus.</strong></span> <span class='ocrx_word' id='word_1_224' title='bbox 755 2989 903 3060; x_wconf 80' lang='lat' dir='ltr'><strong>Formias</strong></span> <span class='ocrx_word' id='word_1_225' title='bbox 925 2993 1039 3060; x_wconf 89' lang='lat' dir='ltr'><strong>urbem</strong></span> <span class='ocrx_word' id='word_1_226' title='bbox 1061 2993 1104 3060; x_wconf 92' lang='lat' dir='ltr'><strong>si·</strong></span> 
     </span>
     <span class='ocr_line' id='line_1_33' title="bbox 92 3079 1102 3168; baseline 0.003 -20"><span class='ocrx_word' id='word_1_227' title='bbox 92 3080 233 3166; x_wconf 78' lang='lat' dir='ltr'><strong>gnificat</strong></span> <span class='ocrx_word' id='word_1_228' title='bbox 276 3079 331 3148; x_wconf 85' lang='lat' dir='ltr'><strong>hio</strong></span> <span class='ocrx_word' id='word_1_229' title='bbox 361 3101 502 3168; x_wconf 87' lang='lat' dir='ltr'><strong>namque</strong></span> <span class='ocrx_word' id='word_1_230' title='bbox 533 3081 596 3148; x_wconf 82' lang='lat' dir='ltr'><strong>fuit</strong></span> <span class='ocrx_word' id='word_1_231' title='bbox 625 3081 750 3148; x_wconf 86' lang='lat' dir='ltr'><strong>familia</strong></span> <span class='ocrx_word' id='word_1_232' title='bbox 777 3081 1014 3151; x_wconf 85' lang='lat' dir='ltr'><strong>Mamurrarum</strong></span> <span class='ocrx_word' id='word_1_233' title='bbox 1043 3081 1102 3150; x_wconf 91' lang='lat' dir='ltr'><strong>ho·</strong></span> 
     </span>
    </p>
   </div>
   <div class='ocr_carea' id='block_1_9' title="bbox 163 3241 381 3308">
    <p class='ocr_par' dir='ltr' id='par_1_9' title="bbox 163 3241 381 3308">
     <span class='ocr_line' id='line_1_34' title="bbox 163 3241 381 3308; baseline 0.005 -13"><span class='ocrx_word' id='word_1_234' title='bbox 163 3246 176 3295; x_wconf 88' lang='lat'>1</span> <span class='ocrx_word' id='word_1_235' title='bbox 196 3241 265 3298; x_wconf 74' lang='lat' dir='ltr'><strong>Aen.</strong></span> <span class='ocrx_word' id='word_1_236' title='bbox 285 3244 311 3308; x_wconf 80' lang='grc'><strong>7,</strong></span> <span class='ocrx_word' id='word_1_237' title='bbox 329 3244 381 3297; x_wconf 68' lang='lat' dir='ltr'><strong>tto</strong></span> 
     </span>
    </p>
   </div>
   <div class='ocr_carea' id='block_1_10' title="bbox 88 3381 1167 3668">
    <p class='ocr_par' dir='ltr' id='par_1_10' title="bbox 88 3381 1167 3668">
     <span class='ocr_line' id='line_1_35' title="bbox 106 3381 1167 3464; baseline 0.005 -26"><span class='ocrx_word' id='word_1_238' title='bbox 106 3449 114 3464; x_wconf 35' lang='grc' dir='ltr'><strong><em>ο</em></strong></span> <span class='ocrx_word' id='word_1_239' title='bbox 162 3381 343 3440; x_wconf 70' lang='grc' dir='ltr'><strong>ιιωηιΜ</strong></span> <span class='ocrx_word' id='word_1_240' title='bbox 395 3384 560 3439; x_wconf 75' lang='lat' dir='ltr'><strong>tetsunt?</strong></span> <span class='ocrx_word' id='word_1_241' title='bbox 615 3384 782 3456; x_wconf 67' lang='lat' dir='ltr'><strong>tauxer</strong></span> <span class='ocrx_word' id='word_1_242' title='bbox 833 3385 971 3458; x_wconf 69' lang='lat' dir='ltr'><strong>equali</strong></span> <span class='ocrx_word' id='word_1_243' title='bbox 1005 3386 1103 3444; x_wconf 75' lang='lat' dir='ltr'><strong>muu-</strong></span> <span class='ocrx_word' id='word_1_244' title='bbox 1163 3397 1167 3405; x_wconf 83' lang='grc'><strong>’</strong></span> 
     </span>
     <span class='ocr_line' id='line_1_36' title="bbox 88 3451 1103 3532; baseline 0.01 -26"><span class='ocrx_word' id='word_1_245' title='bbox 88 3467 148 3506; x_wconf 85' lang='lat' dir='ltr'><strong>oms</strong></span> <span class='ocrx_word' id='word_1_246' title='bbox 166 3451 298 3510; x_wconf 80' lang='lat' dir='ltr'><strong>Ooooeiue</strong></span> <span class='ocrx_word' id='word_1_247' title='bbox 318 3453 427 3525; x_wconf 69' lang='lat' dir='ltr'><strong>Pauly:</strong></span> <span class='ocrx_word' id='word_1_248' title='bbox 452 3452 564 3511; x_wconf 75' lang='lat' dir='ltr'><strong>lumbus</strong></span> <span class='ocrx_word' id='word_1_249' title='bbox 583 3455 630 3510; x_wconf 77' lang='lat' dir='ltr'><strong>Me</strong></span> <span class='ocrx_word' id='word_1_250' title='bbox 707 3463 740 3514; x_wconf 78' lang='lat'><strong>16</strong></span> <span class='ocrx_word' id='word_1_251' title='bbox 758 3457 900 3532; x_wconf 73' lang='lat' dir='ltr'><strong>congressi</strong></span> <span class='ocrx_word' id='word_1_252' title='bbox 917 3475 936 3528; x_wconf 79' lang='grc' dir='ltr'><strong>ς</strong></span> <span class='ocrx_word' id='word_1_253' title='bbox 1015 3457 1103 3530; x_wconf 84' lang='lat' dir='ltr'><strong>hique</strong></span> 
     </span>
     <span class='ocr_line' id='line_1_37' title="bbox 89 3521 1102 3600; baseline 0.012 -24"><span class='ocrx_word' id='word_1_254' title='bbox 89 3521 138 3588; x_wconf 86' lang='lat' dir='ltr'><strong>qui</strong></span> <span class='ocrx_word' id='word_1_255' title='bbox 155 3523 339 3594; x_wconf 76' lang='lat' dir='ltr'><strong>ewerhrquo</strong></span> <span class='ocrx_word' id='word_1_256' title='bbox 360 3523 453 3580; x_wconf 83' lang='lat' dir='ltr'><strong>ueM</strong></span> <span class='ocrx_word' id='word_1_257' title='bbox 523 3529 556 3580; x_wconf 76' lang='lat'><strong>1⁷</strong></span> <span class='ocrx_word' id='word_1_258' title='bbox 570 3526 686 3583; x_wconf 76' lang='lat' dir='ltr'><strong>unodl</strong></span> <span class='ocrx_word' id='word_1_259' title='bbox 753 3528 945 3600; x_wconf 78' lang='lat' dir='ltr'><strong>utrosqueM</strong></span> <span class='ocrx_word' id='word_1_260' title='bbox 981 3530 985 3536; x_wconf 85' lang='grc'><strong><em>’</em></strong></span> <span class='ocrx_word' id='word_1_261' title='bbox 1015 3529 1102 3588; x_wconf 81' lang='lat' dir='ltr'><strong>reu·</strong></span> 
     </span>
     <span class='ocr_line' id='line_1_38' title="bbox 88 3587 1104 3668; baseline 0.017 -24"><span class='ocrx_word' id='word_1_262' title='bbox 88 3587 207 3648; x_wconf 71' lang='lat' dir='ltr'><strong>hrum</strong></span> <span class='ocrx_word' id='word_1_263' title='bbox 258 3599 292 3650; x_wconf 75' lang='lat'><strong>26</strong></span> <span class='ocrx_word' id='word_1_264' title='bbox 369 3593 505 3650; x_wconf 79' lang='lat' dir='ltr'><strong>drumM</strong></span> <span class='ocrx_word' id='word_1_265' title='bbox 555 3597 779 3668; x_wconf 64' lang='lat' dir='ltr'><strong>degenerdrdd</strong></span> <span class='ocrx_word' id='word_1_266' title='bbox 821 3599 1104 3660; x_wconf 62' lang='lat' dir='ltr'><strong>terminumn!</strong></span> 
     </span>
    </p>
   </div>
   <div class='ocr_carea' id='block_1_11' title="bbox 0 0 1358 3842">
    <p class='ocr_par' dir='ltr' id='par_1_11' title="bbox 0 0 1358 3842">
     <span class='ocr_line' id='line_1_39' title="bbox 0 0 1358 3842; baseline 0 5"><span class='ocrx_word' id='word_1_267' title='bbox 0 0 1358 3842; x_wconf 95' lang='lat' dir='ltr'><strong> </strong></span> 
     </span>
    </p>
   </div>
  </div>
 </body>
</html>
