2660 4072
483 125 556 184 ona
573 126 595 196 1,
614 131 664 184 aa:
1037 117 1102 194 33'
1145 107 1170 194 s

72 298 220 364 oouatara
248 290 393 357 erodunt
458 286 677 355 amerinus
706 309 799 356 mona
829 288 898 356 uiuo
926 309 1103 376 promum.-

72 383 192 452 turium
223 384 273 448 eat
302 377 459 466 Apuliae,
491 377 581 444 iuxta
612 398 708 464 quem
739 375 903 464 Archytae
934 377 1107 466 sepultus,
1165 453 1169 462 ,
1284 376 1291 470 ἶ

74 477 132 542 eat
206 472 329 537 4neo
360 465 562 554 quiequam
593 466 671 533 tibi
700 465 872 554 prodente
907 467 989 534 nihil
1019 467 1080 535 libi
1131 537 1146 546 ,
1193 539 1209 554 ,
1243 467 1247 474 '

72 561 196 649 profuit
217 558 371 626 adueraua
394 555 612 624 conditionem
635 555 853 643 mortalitatis,
874 557 960 645 quod
982 557 1081 626 ratio·

72 672 146 718 nem
169 670 276 716 rerum
297 651 434 714 naturae
456 649 491 714 et
510 646 619 734 ipsum
641 646 766 714 eaelum
788 645 833 713 eia
850 649 1107 733 pereunte-tuat

140 741 158 806 7
178 736 322 806 oceidit
344 739 383 804 ot
398 735 557 823 Pelopia
575 737 741 825 genitor.
774 733 933 803 Tantalus
951 736 1081 804 scilieet

72 829 152 896 haao
173 831 282 894 autem
304 826 345 894 ad
368 826 520 895 solatium
543 827 657 893 mortio
678 825 839 892 dieantur.
906 823 1081 892 8'1'itho·
1146 865 1152 872 ·
1294 801 1297 936 1

72 937 220 1004 nusque
242 920 413 983 remotus
435 915 475 982 in
498 935 611 982 aurae
633 913 667 982 id
689 917 753 981 eat:
776 912 871 980 terris
889 914 1081 981 arcessitae
1159 999 1162 1004 ἱ
1294 937 1297 998 ι

73 1027 131 1092 per
159 1005 222 1074 hoo
248 1007 394 1072 mortuus
417 1007 476 1070 eat.
543 1003 564 1068 9
594 1006 632 1070 at
660 1001 775 1070 Iouia
819 1001 928 1070 Minoa
950 999 1080 1070 (haten-
1236 1071 1241 1080 ,
1296 1043 1297 1094 p

72 1094 155 1161 aium
186 1115 243 1160 rex
273 1091 481 1180 praedicabat
510 1111 546 1158 ae
577 1113 650 1159 oum
680 1089 759 1158 Ioue
791 1091 942 1177 conloqui
973 1095 1006 1158 et
1041 1111 1122 1158 exre

71 1183 207 1250 oonsilio
230 1182 299 1249 aius
322 1185 439 1249 aunota
456 1201 562 1268 agere.
629 1180 650 1245 9
672 1179 894 1268 habentque
916 1179 1081 1248 Tartara

69 1268 323 1338 Panthoiden.
358 1291 447 1336 nuno
459 1267 679 1357 Pythagoram
698 1267 870 1356 significat,
891 1267 969 1356 quia
990 1291 1081 1355 praa·
1152 1305 1156 1360 1

71 1359 192 1426 dicauit
209 1380 244 1425 se
262 1358 304 1425 ad
321 1357 454 1426 Troiam
470 1357 686 1444 Euphorbum
702 1356 845 1424 Pauthoi
862 1357 964 1424 illium
980 1357 1081 1426 faiano
1204 1385 1218 1404 ··

70 1447 338 1533 interimuntque
361 1468 381 1512 a
402 1446 553 1514 Menelao
579 1447 697 1513 iterum
725 1445 880 1514 reuixisse
902 1451 937 1513 at
957 1446 1081 1514 iaotum

70 1535 289 1625 Pythagoram
306 1535 340 1602 id
358 1535 552 1624 comperisse
570 1535 683 1624 agnito
701 1535 805 1623 clipeo
823 1557 920 1624 quom
932 1533 1081 1624 Euphor·
1094 1558 1121 1603 ιι
1176 1614 1180 1622 ,
1296 1551 1297 1626 3

70 1624 131 1694 hua
152 1625 319 1694 habuerat
388 1626 430 1693 12
451 1625 552 1692 nihil
574 1625 679 1694 ultra
700 1645 1080 1696 neruoaaamoa
1193 1695 1195 1700 ,
1296 1698 1297 1706 1

71 1715 153 1782 nihil
174 1719 303 1803 praeter
324 1735 441 1802 oorpua
462 1715 561 1783 morti
579 1714 670 1783 dana.
734 1716 776 1783 14
798 1714 981 1784 iudicate
1003 1737 1080 1784 non
1237 1713 1249 1726 ’

71 1804 251 1874 aordidua
277 1809 413 1873 auotor
434 1826 467 1872 n.
489 1828 520 1873 u.
565 1805 757 1872 adfirmante
779 1809 812 1872 te
834 1807 872 1872 da
892 1803 1080 1895 Pythagora
1166 1850 1169 1858 ·
1210 1865 1217 1872 .

70 1915 138 1980 non
160 1916 234 1963 aum
255 1895 428 1964 mentitum
450 1896 490 1962 da
511 1899 630 1963 natura
652 1916 760 1964 rerum
782 1895 873 1964 ouiua
896 1898 1010 1965 auctor
1027 1919 1080 1964 ex·

68 1977 145 2053 titit.
214 1984 256 2052 19
277 1985 426 2054 nullum
448 2007 564 2054 saeua
582 2008 609 2054 o.
625 1985 662 2054 P.
679 1985 702 2053 i.
742 1985 866 2054 nullum
885 1983 1120 2075 Proserpinam
1208 2042 1214 2050 .

69 2075 162 2144 timot
183 2097 222 2143 aa
245 2097 305 2164 per
325 2076 388 2145 hoe
411 2077 573 2144 neminem
597 2082 767 2165 exceptum
784 2076 894 2146 habat
960 2077 1002 2146 21
1020 2076 1080 2146 Me

69 2185 219 2322 guoque
255 2165 400 2235 deuexi.
453 2166 610 2236 deuomm
642 2165 796 2236 Orionem
831 2167 878 2234 ita
913 2167 1007 2256 dixit,
1043 2172 1080 2237 ut

105 2255 282 2344 ergiliua:
319 2254 499 2325 Oonuexa
529 2256 759 2345 poluadum
788 2257 917 2326 sidera
944 2263 1081 2345 paseat
1146 2319 1149 2327 .
1194 2277 1199 2286 ·

68 2343 102 2410 id
133 2350 197 2413 eat:
232 2345 269 2413 in
300 2345 421 2414 deuexo
453 2348 542 2414 eaelo
572 2348 689 2433 posita
764 2346 807 2414 21
840 2369 897 2414 me
928 2368 1079 2436 quoquo
1132 2377 1135 2382 ¹
1185 2355 1234 2382 ·'

69 2433 302 2502 denariae
346 2439 461 2503 uotum
483 2437 536 2502 eat
556 2441 630 2504 ortu
653 2440 687 2503 et
708 2457 824 2504 oooaau
847 2434 977 2505 Orionis
999 2442 1120 2505 tam-aa
1242 2493 1250 2503 .

68 2526 210 2608 pestatea
229 2521 393 2591 oonmtari
431 2521 557 2592 Notum
575 2525 726 2592 comitam
739 2523 870 2592 Orionis
888 2525 975 2612 dicit,
993 2527 1080 2612 quod

70 2631 143 2679 eum
166 2611 286 2679 Oriona
309 2616 400 2680 ortua
423 2613 474 2680 ait.
542 2613 590 2681 *23
618 2615 657 2680 at
683 2616 725 2680 tu
751 2616 871 2680 nauta
897 2634 1020 2702 uagae
1045 2637 1079 2681 n.
1189 2669 1192 2674 .

68 2721 99 2786 p.
121 2721 163 2767 m.
185 2700 217 2767 h.
262 2701 303 2768 ad
329 2705 571 2788 praetereuntes
598 2705 716 2769 nautas
745 2723 928 2769 sermonem
955 2703 1078 2790 Archy·
1147 2771 1185 2784 „„

69 2793 136 2854 tam
166 2789 365 2874 conuertisse
393 2789 439 2855 fin
465 2790 497 2856 't
564 2791 608 2859 25
635 2790 691 2858 oio
718 2788 983 2878 quodcumque
1010 2791 1078 2858 mi·
1197 2825 1201 2832 ·

69 2876 227 2944 nubitur
247 2875 382 2953 Eurua
454 2879 567 2946 anueia
585 2879 713 2947 colonia
730 2883 781 2946 eat
797 2879 885 2946 iuter
900 2877 1078 2948 Lucaniam
1091 2905 1119 2948 ιι

71 2969 104 3029 et
119 2964 273 3052 Apuliam
290 2966 398 3053 patria
420 2969 544 3054 poetae.
584 2967 669 3035 unda
692 2968 792 3037 siluas
810 2966 995 3036 Uenusinae
1016 2991 1077 3057 pro

138 3145 172 3196 aa
190 3144 259 3198 aaa.
279 3112 375 3214 1,'ooa

138 3281 239 3338 taroh
341 3282 846 3356 M'raourorbumpmomu
934 3283 1079 3343 reluat

71 3351 109 3407 Μ
158 3353 348 3410 euformis
404 3353 744 3411 transmeamus
794 3355 1027 3414 indrohuonM

72 3427 103 3478 18
120 3425 149 3480 te
167 3424 204 3482 de
219 3423 382 3497 Pythagora
398 3441 462 3482 aar:
478 3429 509 3481 ta
526 3426 676 3496 pytharora
693 3425 740 3502 pls,
836 3433 872 3484 20
894 3443 1002 3484 muer.
1020 3426 1076 3498 opt.

72 3491 108 3547 M
183 3495 387 3566 utpoartthl
462 3497 1076 3554 mauritanaazmnmaaar.

69 3565 342 3693 fflivwfft
407 3566 597 3626 aamM
646 3567 885 3639 amputamur
949 3573 1078 3640 tiuare
1162 3621 1165 3624 .

121 3740 283 3786 Poanmom
366 3771 389 3786 .
845 3731 863 3782 8
