<?xml version="1.0" encoding="UTF-8"?>
<!DOCTYPE html PUBLIC "-//W3C//DTD XHTML 1.0 Transitional//EN"
    "http://www.w3.org/TR/xhtml1/DTD/xhtml1-transitional.dtd">
<html xmlns="http://www.w3.org/1999/xhtml" xml:lang="en" lang="en">
 <head>
  <title>
</title>
<meta http-equiv="Content-Type" content="text/html;charset=utf-8" />
  <meta name='ocr-system' content='tesseract 3.04.00' />
  <meta name='ocr-capabilities' content='ocr_page ocr_carea ocr_par ocr_line ocrx_word'/>
</head>
<body>
  <div class='ocr_page' id='page_1' title='image "./commentuminhora00porpgoog_0222.png"; bbox 0 0 2708 3842; ppageno 0'>
   <div class='ocr_carea' id='block_1_1' title="bbox 411 57 1266 190">
    <p class='ocr_par' dir='ltr' id='par_1_1' title="bbox 411 57 1266 190">
     <span class='ocr_line' id='line_1_1' title="bbox 411 57 1266 190; baseline 0.007 -13"><span class='ocrx_word' id='word_1_1' title='bbox 411 118 533 178; x_wconf 78' lang='lat' dir='ltr'><strong>snauo</strong></span> <span class='ocrx_word' id='word_1_2' title='bbox 551 119 573 190; x_wconf 89' lang='lat'><strong>1,</strong></span> <span class='ocrx_word' id='word_1_3' title='bbox 591 125 617 187; x_wconf 87' lang='lat' dir='ltr'><strong>e,</strong></span> <span class='ocrx_word' id='word_1_4' title='bbox 636 121 750 174; x_wconf 76' lang='grc' dir='ltr'><strong>ιιι-ιι.</strong></span> <span class='ocrx_word' id='word_1_5' title='bbox 1016 116 1081 183; x_wconf 80' lang='grc'><strong>203</strong></span> <span class='ocrx_word' id='word_1_6' title='bbox 1163 57 1173 178; x_wconf 47' lang='lat'><strong>‚¹</strong></span> <span class='ocrx_word' id='word_1_7' title='bbox 1261 83 1266 183; x_wconf 59' lang='grc' dir='ltr'>ἒ</span> 
     </span>
    </p>
   </div>
   <div class='ocr_carea' id='block_1_2' title="bbox 2 278 1341 2768">
    <p class='ocr_par' dir='ltr' id='par_1_2' title="bbox 76 278 1237 454">
     <span class='ocr_line' id='line_1_2' title="bbox 76 278 1237 367; baseline -0.004 -19"><span class='ocrx_word' id='word_1_8' title='bbox 76 281 155 348; x_wconf 84' lang='lat' dir='ltr'><strong>mire</strong></span> <span class='ocrx_word' id='word_1_9' title='bbox 191 280 271 348; x_wconf 83' lang='lat' dir='ltr'><strong>dixit</strong></span> <span class='ocrx_word' id='word_1_10' title='bbox 301 283 384 348; x_wconf 90' lang='lat' dir='ltr'><strong>mele</strong></span> <span class='ocrx_word' id='word_1_11' title='bbox 414 302 566 367; x_wconf 87' lang='lat' dir='ltr'><strong>paruum,</strong></span> <span class='ocrx_word' id='word_1_12' title='bbox 597 279 711 346; x_wconf 91' lang='lat' dir='ltr'><strong>uolens</strong></span> <span class='ocrx_word' id='word_1_13' title='bbox 747 279 891 366; x_wconf 76' lang='lat' dir='ltr'><strong>intellegi</strong></span> <span class='ocrx_word' id='word_1_14' title='bbox 931 278 1081 345; x_wconf 90' lang='lat' dir='ltr'><strong>macilen·</strong></span> <span class='ocrx_word' id='word_1_15' title='bbox 1118 301 1129 310; x_wconf 80' lang='grc'><strong>’·</strong></span> <span class='ocrx_word' id='word_1_16' title='bbox 1235 327 1237 332; x_wconf 86' lang='grc'>-</span> 
     </span>
     <span class='ocr_line' id='line_1_3' title="bbox 76 365 1092 454; baseline -0.003 -18"><span class='ocrx_word' id='word_1_17' title='bbox 76 375 155 436; x_wconf 89' lang='lat' dir='ltr'><strong>tum.</strong></span> <span class='ocrx_word' id='word_1_18' title='bbox 208 370 251 435; x_wconf 84' lang='lat'><strong>46</strong></span> <span class='ocrx_word' id='word_1_19' title='bbox 274 375 316 436; x_wconf 90' lang='lat' dir='ltr'><strong>ut</strong></span> <span class='ocrx_word' id='word_1_20' title='bbox 337 370 540 437; x_wconf 88' lang='lat' dir='ltr'><strong>abortiuus</strong></span> <span class='ocrx_word' id='word_1_21' title='bbox 557 368 633 434; x_wconf 88' lang='lat' dir='ltr'><strong>fuit</strong></span> <span class='ocrx_word' id='word_1_22' title='bbox 651 367 742 434; x_wconf 92' lang='lat' dir='ltr'><strong>olim</strong></span> <span class='ocrx_word' id='word_1_23' title='bbox 761 365 960 454; x_wconf 77' lang='lat' dir='ltr'><strong>Sisyphus.</strong></span> <span class='ocrx_word' id='word_1_24' title='bbox 995 367 1092 453; x_wconf 54' lang='lat' dir='ltr'><strong>Sr&#39;eyq</strong></span> 
     </span>
    </p>

    <p class='ocr_par' dir='ltr' id='par_1_3' title="bbox 2 455 1341 2768">
     <span class='ocr_line' id='line_1_4' title="bbox 2 455 1160 560; baseline 0.003 -40"><span class='ocrx_word' id='word_1_25' title='bbox 2 511 4 520; x_wconf 92' lang='lat'><strong>.</strong></span> <span class='ocrx_word' id='word_1_26' title='bbox 68 458 154 543; x_wconf 76' lang='lat' dir='ltr'><strong>plius</strong></span> <span class='ocrx_word' id='word_1_27' title='bbox 184 455 284 524; x_wconf 87' lang='lat' dir='ltr'><strong>Marci</strong></span> <span class='ocrx_word' id='word_1_28' title='bbox 315 458 440 526; x_wconf 83' lang='lat' dir='ltr'><strong>Antoni</strong></span> <span class='ocrx_word' id='word_1_29' title='bbox 475 457 637 523; x_wconf 81' lang='lat' dir='ltr'><strong>triumuiri</strong></span> <span class='ocrx_word' id='word_1_30' title='bbox 668 456 803 560; x_wconf 90' lang='lat' dir='ltr'><strong>pumilio</strong></span> <span class='ocrx_word' id='word_1_31' title='bbox 834 456 934 522; x_wconf 78' lang='lat' dir='ltr'><strong>fuisse·</strong></span> <span class='ocrx_word' id='word_1_32' title='bbox 965 456 1082 523; x_wconf 91' lang='lat' dir='ltr'><strong>dicitur</strong></span> <span class='ocrx_word' id='word_1_33' title='bbox 1154 517 1160 523; x_wconf 94' lang='lat'><strong>.</strong></span> 
     </span>
     <span class='ocr_line' id='line_1_5' title="bbox 74 545 1079 632; baseline -0.002 -20"><span class='ocrx_word' id='word_1_34' title='bbox 74 547 162 612; x_wconf 87' lang='lat' dir='ltr'><strong>intra</strong></span> <span class='ocrx_word' id='word_1_35' title='bbox 183 545 362 632; x_wconf 78' lang='lat' dir='ltr'>bipedalem</span> <span class='ocrx_word' id='word_1_36' title='bbox 385 550 542 613; x_wconf 87' lang='lat' dir='ltr'><strong>staturam</strong></span> <span class='ocrx_word' id='word_1_37' title='bbox 565 545 698 632; x_wconf 84' lang='lat' dir='ltr'><strong>ingemo</strong></span> <span class='ocrx_word' id='word_1_38' title='bbox 719 547 830 611; x_wconf 88' lang='lat' dir='ltr'><strong>tamen</strong></span> <span class='ocrx_word' id='word_1_39' title='bbox 851 545 958 611; x_wconf 89' lang='lat' dir='ltr'><strong>uiuax.</strong></span> <span class='ocrx_word' id='word_1_40' title='bbox 1036 545 1079 609; x_wconf 71' lang='lat'><strong>47</strong></span> 
     </span>
     <span class='ocr_line' id='line_1_6' title="bbox 75 632 1267 720; baseline -0.005 -20"><span class='ocrx_word' id='word_1_41' title='bbox 75 633 175 700; x_wconf 90' lang='lat' dir='ltr'><strong>bunc</strong></span> <span class='ocrx_word' id='word_1_42' title='bbox 198 656 326 701; x_wconf 86' lang='lat' dir='ltr'><strong>uarum</strong></span> <span class='ocrx_word' id='word_1_43' title='bbox 348 633 530 701; x_wconf 89' lang='lat' dir='ltr'><strong>distortis</strong></span> <span class='ocrx_word' id='word_1_44' title='bbox 553 632 739 700; x_wconf 87' lang='lat' dir='ltr'><strong>cruribus.</strong></span> <span class='ocrx_word' id='word_1_45' title='bbox 784 633 855 699; x_wconf 85' lang='lat' dir='ltr'><strong>uari</strong></span> <span class='ocrx_word' id='word_1_46' title='bbox 876 632 1112 720; x_wconf 77' lang='lat' dir='ltr'><strong>appellantura</strong></span> <span class='ocrx_word' id='word_1_47' title='bbox 1234 633 1267 705; x_wconf 78' lang='lat'><strong>&#39;&#39;.&#39;</strong></span> 
     </span>
     <span class='ocr_line' id='line_1_7' title="bbox 74 721 1268 808; baseline -0.003 -19"><span class='ocrx_word' id='word_1_48' title='bbox 74 723 249 790; x_wconf 76' lang='lat' dir='ltr'>introrsum</span> <span class='ocrx_word' id='word_1_49' title='bbox 284 723 415 790; x_wconf 88' lang='lat' dir='ltr'><strong>retortis</strong></span> <span class='ocrx_word' id='word_1_50' title='bbox 450 722 594 808; x_wconf 89' lang='lat' dir='ltr'><strong>pedibus.</strong></span> <span class='ocrx_word' id='word_1_51' title='bbox 681 722 724 787; x_wconf 73' lang='lat'><strong>47</strong></span> <span class='ocrx_word' id='word_1_52' title='bbox 761 721 871 788; x_wconf 93' lang='lat' dir='ltr'><strong>illum</strong></span> <span class='ocrx_word' id='word_1_53' title='bbox 907 721 1082 788; x_wconf 74' lang='lat' dir='ltr'><strong>balbutit</strong></span> <span class='ocrx_word' id='word_1_54' title='bbox 1205 767 1210 774; x_wconf 87' lang='lat'><em>-</em></span> <span class='ocrx_word' id='word_1_55' title='bbox 1266 758 1268 770; x_wconf 71' lang='lat'><strong>.</strong></span> 
     </span>
     <span class='ocr_line' id='line_1_8' title="bbox 75 808 1278 898; baseline -0.003 -20"><span class='ocrx_word' id='word_1_56' title='bbox 75 832 260 878; x_wconf 78' lang='lat' dir='ltr'><strong>scaurum.</strong></span> <span class='ocrx_word' id='word_1_57' title='bbox 317 812 422 878; x_wconf 85' lang='lat' dir='ltr'><strong>scauri</strong></span> <span class='ocrx_word' id='word_1_58' title='bbox 450 813 539 896; x_wconf 87' lang='lat' dir='ltr'><strong>sunt,</strong></span> <span class='ocrx_word' id='word_1_59' title='bbox 567 810 624 896; x_wconf 88' lang='lat' dir='ltr'><strong>qui</strong></span> <span class='ocrx_word' id='word_1_60' title='bbox 655 813 803 876; x_wconf 74' lang='lat' dir='ltr'><strong>extantes</strong></span> <span class='ocrx_word' id='word_1_61' title='bbox 834 810 919 876; x_wconf 89' lang='lat' dir='ltr'><strong>talos</strong></span> <span class='ocrx_word' id='word_1_62' title='bbox 950 808 1080 875; x_wconf 87' lang='lat' dir='ltr'><strong>hebent.</strong></span> <span class='ocrx_word' id='word_1_63' title='bbox 1135 834 1139 842; x_wconf 30' lang='grc' dir='ltr'><strong>ι</strong></span> <span class='ocrx_word' id='word_1_64' title='bbox 1217 827 1219 832; x_wconf 91' lang='grc'><em>·</em></span> <span class='ocrx_word' id='word_1_65' title='bbox 1277 893 1278 898; x_wconf 12' lang='lat'>¹</span> 
     </span>
     <span class='ocr_line' id='line_1_9' title="bbox 76 897 1270 986; baseline -0.004 -19"><span class='ocrx_word' id='word_1_66' title='bbox 76 897 218 967; x_wconf 87' lang='lat' dir='ltr'><strong>suauiter</strong></span> <span class='ocrx_word' id='word_1_67' title='bbox 240 903 347 966; x_wconf 91' lang='lat' dir='ltr'><strong>autem</strong></span> <span class='ocrx_word' id='word_1_68' title='bbox 376 898 656 986; x_wconf 85' lang='lat' dir='ltr'><strong>dixitbalbutit</strong></span> <span class='ocrx_word' id='word_1_69' title='bbox 682 919 866 965; x_wconf 75' lang='lat' dir='ltr'><strong>scaurum.</strong></span> <span class='ocrx_word' id='word_1_70' title='bbox 925 897 972 964; x_wconf 91' lang='lat' dir='ltr'><strong>sic</strong></span> <span class='ocrx_word' id='word_1_71' title='bbox 994 897 1079 964; x_wconf 90' lang='lat' dir='ltr'><strong>onim</strong></span> <span class='ocrx_word' id='word_1_72' title='bbox 1266 901 1270 912; x_wconf 88' lang='grc'>’</span> 
     </span>
     <span class='ocr_line' id='line_1_10' title="bbox 73 986 1081 1074; baseline -0.003 -21"><span class='ocrx_word' id='word_1_73' title='bbox 73 986 275 1054; x_wconf 80' lang='lat' dir='ltr'><strong>blandientes</strong></span> <span class='ocrx_word' id='word_1_74' title='bbox 302 987 482 1054; x_wconf 82' lang='lat' dir='ltr'><strong>infantibus</strong></span> <span class='ocrx_word' id='word_1_75' title='bbox 508 987 686 1074; x_wconf 78' lang='lat' dir='ltr'><strong>infringere</strong></span> <span class='ocrx_word' id='word_1_76' title='bbox 716 987 764 1053; x_wconf 90' lang='lat' dir='ltr'><strong>lin</strong></span> <span class='ocrx_word' id='word_1_77' title='bbox 810 1009 862 1053; x_wconf 87' lang='lat' dir='ltr'><strong>am</strong></span> <span class='ocrx_word' id='word_1_78' title='bbox 894 986 1013 1070; x_wconf 89' lang='lat' dir='ltr'><strong>solent,</strong></span> <span class='ocrx_word' id='word_1_79' title='bbox 1043 989 1081 1051; x_wconf 92' lang='lat' dir='ltr'><strong>ut</strong></span> 
     </span>
     <span class='ocr_line' id='line_1_11' title="bbox 74 1073 1183 1177; baseline -0.005 -35"><span class='ocrx_word' id='word_1_80' title='bbox 74 1075 440 1162; x_wconf 85' lang='lat' dir='ltr'><strong>quasieosimitsntur.</strong></span> <span class='ocrx_word' id='word_1_81' title='bbox 520 1076 564 1142; x_wconf 81' lang='lat'><strong>49</strong></span> <span class='ocrx_word' id='word_1_82' title='bbox 587 1075 742 1162; x_wconf 89' lang='lat' dir='ltr'><strong>parcius</strong></span> <span class='ocrx_word' id='word_1_83' title='bbox 796 1075 830 1142; x_wconf 91' lang='lat' dir='ltr'><strong>ic</strong></span> <span class='ocrx_word' id='word_1_84' title='bbox 852 1074 953 1141; x_wconf 91' lang='lat' dir='ltr'><strong>uiuit</strong></span> <span class='ocrx_word' id='word_1_85' title='bbox 974 1073 1120 1177; x_wconf 72' lang='lat' dir='ltr'><strong>fungire</strong></span> <span class='ocrx_word' id='word_1_86' title='bbox 1178 1099 1183 1106; x_wconf 93' lang='lat'>·</span> 
     </span>
     <span class='ocr_line' id='line_1_12' title="bbox 74 1163 1080 1253; baseline -0.003 -22"><span class='ocrx_word' id='word_1_87' title='bbox 74 1164 233 1231; x_wconf 86' lang='lat' dir='ltr'><strong>dicatur.</strong></span> <span class='ocrx_word' id='word_1_88' title='bbox 290 1165 345 1232; x_wconf 90' lang='lat' dir='ltr'><strong>hic</strong></span> <span class='ocrx_word' id='word_1_89' title='bbox 375 1165 440 1231; x_wconf 87' lang='lat' dir='ltr'><strong>iam</strong></span> <span class='ocrx_word' id='word_1_90' title='bbox 468 1165 623 1251; x_wconf 89' lang='lat' dir='ltr'><strong>ostendit,</strong></span> <span class='ocrx_word' id='word_1_91' title='bbox 654 1163 763 1253; x_wconf 87' lang='lat' dir='ltr'><strong>qualia</strong></span> <span class='ocrx_word' id='word_1_92' title='bbox 793 1164 969 1234; x_wconf 87' lang='lat' dir='ltr'><strong>amicorum</strong></span> <span class='ocrx_word' id='word_1_93' title='bbox 999 1165 1080 1231; x_wconf 81' lang='lat' dir='ltr'><strong>uitre</strong></span> 
     </span>
     <span class='ocr_line' id='line_1_13' title="bbox 72 1253 1097 1341; baseline -0.003 -20"><span class='ocrx_word' id='word_1_94' title='bbox 72 1254 254 1321; x_wconf 81' lang='lat' dir='ltr'><strong>existimem</strong></span> <span class='ocrx_word' id='word_1_95' title='bbox 277 1259 311 1320; x_wconf 87' lang='lat' dir='ltr'><strong>et</strong></span> <span class='ocrx_word' id='word_1_96' title='bbox 332 1253 495 1341; x_wconf 86' lang='lat' dir='ltr'><strong>appellare</strong></span> <span class='ocrx_word' id='word_1_97' title='bbox 517 1253 698 1320; x_wconf 86' lang='lat' dir='ltr'><strong>debeamus</strong></span> <span class='ocrx_word' id='word_1_98' title='bbox 778 1253 819 1322; x_wconf 84' lang='lat'><strong>51</strong></span> <span class='ocrx_word' id='word_1_99' title='bbox 849 1257 889 1321; x_wconf 88' lang='lat' dir='ltr'><strong>at</strong></span> <span class='ocrx_word' id='word_1_100' title='bbox 914 1256 973 1320; x_wconf 93' lang='lat' dir='ltr'><strong>est</strong></span> <span class='ocrx_word' id='word_1_101' title='bbox 998 1257 1097 1319; x_wconf 88' lang='lat' dir='ltr'><strong>tru·-</strong></span> 
     </span>
     <span class='ocr_line' id='line_1_14' title="bbox 72 1342 1078 1430; baseline -0.004 -20"><span class='ocrx_word' id='word_1_102' title='bbox 72 1343 266 1410; x_wconf 80' lang='lat' dir='ltr'><strong>calentior</strong></span> <span class='ocrx_word' id='word_1_103' title='bbox 288 1347 402 1430; x_wconf 88' lang='lat' dir='ltr'><strong>atque</strong></span> <span class='ocrx_word' id='word_1_104' title='bbox 425 1343 511 1429; x_wconf 88' lang='lat' dir='ltr'><strong>plus</strong></span> <span class='ocrx_word' id='word_1_105' title='bbox 534 1363 655 1428; x_wconf 88' lang='lat' dir='ltr'><strong>aequo</strong></span> <span class='ocrx_word' id='word_1_106' title='bbox 678 1342 786 1409; x_wconf 87' lang='lat' dir='ltr'><strong>liber.</strong></span> <span class='ocrx_word' id='word_1_107' title='bbox 822 1342 984 1428; x_wconf 87' lang='lat' dir='ltr'><strong>simplex</strong></span> <span class='ocrx_word' id='word_1_108' title='bbox 1001 1342 1078 1409; x_wconf 85' lang='lat' dir='ltr'><strong>for·</strong></span> 
     </span>
     <span class='ocr_line' id='line_1_15' title="bbox 72 1429 1080 1520; baseline -0.002 -22"><span class='ocrx_word' id='word_1_109' title='bbox 72 1432 202 1518; x_wconf 87' lang='lat' dir='ltr'><strong>tisque</strong></span> <span class='ocrx_word' id='word_1_110' title='bbox 224 1431 422 1499; x_wconf 84' lang='lat' dir='ltr'><strong>habeatur.</strong></span> <span class='ocrx_word' id='word_1_111' title='bbox 467 1429 628 1517; x_wconf 78' lang='lat' dir='ltr'><strong>simplices</strong></span> <span class='ocrx_word' id='word_1_112' title='bbox 650 1432 750 1520; x_wconf 77' lang='lat' dir='ltr'><strong>uulgo</strong></span> <span class='ocrx_word' id='word_1_113' title='bbox 772 1453 832 1518; x_wconf 88' lang='lat' dir='ltr'><strong>pro</strong></span> <span class='ocrx_word' id='word_1_114' title='bbox 851 1430 1028 1498; x_wconf 88' lang='lat' dir='ltr'><strong>mansuetis</strong></span> <span class='ocrx_word' id='word_1_115' title='bbox 1046 1435 1080 1496; x_wconf 86' lang='lat' dir='ltr'><strong>et</strong></span> 
     </span>
     <span class='ocr_line' id='line_1_16' title="bbox 72 1519 1119 1608; baseline -0.007 -20"><span class='ocrx_word' id='word_1_116' title='bbox 72 1521 226 1589; x_wconf 88' lang='lat' dir='ltr'><strong>modestis</strong></span> <span class='ocrx_word' id='word_1_117' title='bbox 253 1521 373 1588; x_wconf 87' lang='lat' dir='ltr'><strong>dicunt</strong></span> <span class='ocrx_word' id='word_1_118' title='bbox 431 1543 489 1589; x_wconf 90' lang='lat' dir='ltr'><strong>cur</strong></span> <span class='ocrx_word' id='word_1_119' title='bbox 515 1519 568 1588; x_wconf 78' lang='lat' dir='ltr'><strong>hio</strong></span> <span class='ocrx_word' id='word_1_120' title='bbox 591 1520 769 1608; x_wconf 77' lang='lat' dir='ltr'><strong>simplicem</strong></span> <span class='ocrx_word' id='word_1_121' title='bbox 792 1520 886 1607; x_wconf 86' lang='lat' dir='ltr'><strong>dixit,</strong></span> <span class='ocrx_word' id='word_1_122' title='bbox 912 1519 968 1608; x_wconf 88' lang='lat' dir='ltr'><strong>qui</strong></span> <span class='ocrx_word' id='word_1_123' title='bbox 993 1519 1078 1608; x_wconf 90' lang='lat' dir='ltr'><strong>quod</strong></span> <span class='ocrx_word' id='word_1_124' title='bbox 1092 1537 1119 1582; x_wconf 86' lang='lat' dir='ltr'><strong>rs</strong></span> 
     </span>
     <span class='ocr_line' id='line_1_17' title="bbox 72 1610 1246 1699; baseline -0.001 -21"><span class='ocrx_word' id='word_1_125' title='bbox 72 1611 191 1679; x_wconf 85' lang='lat' dir='ltr'><strong>sentiet</strong></span> <span class='ocrx_word' id='word_1_126' title='bbox 212 1610 251 1679; x_wconf 90' lang='lat' dir='ltr'><strong>de</strong></span> <span class='ocrx_word' id='word_1_127' title='bbox 274 1612 378 1679; x_wconf 86' lang='lat' dir='ltr'><strong>amieo</strong></span> <span class='ocrx_word' id='word_1_128' title='bbox 401 1611 503 1679; x_wconf 87' lang='lat' dir='ltr'><strong>libera</strong></span> <span class='ocrx_word' id='word_1_129' title='bbox 524 1611 638 1699; x_wconf 83' lang='lat' dir='ltr'><strong>lingua</strong></span> <span class='ocrx_word' id='word_1_130' title='bbox 658 1611 871 1698; x_wconf 82' lang='lat' dir='ltr'><strong>pronuntiet?</strong></span> <span class='ocrx_word' id='word_1_131' title='bbox 937 1611 980 1678; x_wconf 79' lang='lat'><strong>53</strong></span> <span class='ocrx_word' id='word_1_132' title='bbox 1003 1611 1079 1678; x_wconf 83' lang='lat' dir='ltr'><strong>cal·</strong></span> <span class='ocrx_word' id='word_1_133' title='bbox 1137 1625 1139 1630; x_wconf 68' lang='grc'><strong>“</strong></span> <span class='ocrx_word' id='word_1_134' title='bbox 1243 1643 1246 1650; x_wconf 51' lang='grc'>’</span> 
     </span>
     <span class='ocr_line' id='line_1_18' title="bbox 69 1699 1122 1786; baseline -0.002 -18"><span class='ocrx_word' id='word_1_135' title='bbox 69 1701 155 1768; x_wconf 79' lang='lat' dir='ltr'><strong>dior</strong></span> <span class='ocrx_word' id='word_1_136' title='bbox 175 1707 244 1768; x_wconf 86' lang='lat' dir='ltr'><strong>est:</strong></span> <span class='ocrx_word' id='word_1_137' title='bbox 266 1699 318 1738; x_wconf 74' lang='lat'><strong>*⁴*</strong></span> <span class='ocrx_word' id='word_1_138' title='bbox 336 1704 370 1768; x_wconf 92' lang='lat' dir='ltr'><strong>et</strong></span> <span class='ocrx_word' id='word_1_139' title='bbox 386 1699 525 1769; x_wconf 88' lang='lat' dir='ltr'><strong>honesto</strong></span> <span class='ocrx_word' id='word_1_140' title='bbox 543 1700 673 1769; x_wconf 88' lang='lat' dir='ltr'><strong>nomine</strong></span> <span class='ocrx_word' id='word_1_141' title='bbox 696 1723 770 1769; x_wconf 86' lang='lat' dir='ltr'><strong>acer</strong></span> <span class='ocrx_word' id='word_1_142' title='bbox 792 1700 924 1768; x_wconf 87' lang='lat' dir='ltr'><strong>dicatur.</strong></span> <span class='ocrx_word' id='word_1_143' title='bbox 982 1699 1026 1768; x_wconf 83' lang='lat'><strong>55</strong></span> <span class='ocrx_word' id='word_1_144' title='bbox 1039 1703 1079 1766; x_wconf 89' lang='lat' dir='ltr'><strong>et</strong></span> <span class='ocrx_word' id='word_1_145' title='bbox 1114 1779 1122 1786; x_wconf 44' lang='lat'><strong>,</strong></span> 
     </span>
     <span class='ocr_line' id='line_1_19' title="bbox 71 1781 1079 1877; baseline -0.002 -20"><span class='ocrx_word' id='word_1_146' title='bbox 71 1813 142 1858; x_wconf 90' lang='lat' dir='ltr'><strong>nos</strong></span> <span class='ocrx_word' id='word_1_147' title='bbox 174 1791 341 1858; x_wconf 88' lang='lat' dir='ltr'><strong>uirtutes</strong></span> <span class='ocrx_word' id='word_1_148' title='bbox 373 1790 480 1876; x_wconf 87' lang='lat' dir='ltr'><strong>ipsas</strong></span> <span class='ocrx_word' id='word_1_149' title='bbox 511 1791 742 1858; x_wconf 85' lang='lat' dir='ltr'><strong>inuertimus</strong></span> <span class='ocrx_word' id='word_1_150' title='bbox 778 1791 811 1857; x_wconf 92' lang='lat' dir='ltr'><strong>id</strong></span> <span class='ocrx_word' id='word_1_151' title='bbox 842 1794 905 1857; x_wconf 88' lang='lat' dir='ltr'><strong>est:</strong></span> <span class='ocrx_word' id='word_1_152' title='bbox 942 1781 1079 1877; x_wconf 82' lang='lat' dir='ltr'><strong>maligni</strong></span> 
     </span>
     <span class='ocr_line' id='line_1_20' title="bbox 70 1879 1128 1968; baseline -0.002 -22"><span class='ocrx_word' id='word_1_153' title='bbox 70 1881 151 1966; x_wconf 81' lang='lat' dir='ltr'><strong>adeo</strong></span> <span class='ocrx_word' id='word_1_154' title='bbox 178 1879 301 1968; x_wconf 81' lang='lat' dir='ltr'><strong>ingenii</strong></span> <span class='ocrx_word' id='word_1_155' title='bbox 329 1901 452 1963; x_wconf 89' lang='lat' dir='ltr'><strong>sumus,</strong></span> <span class='ocrx_word' id='word_1_156' title='bbox 479 1883 611 1946; x_wconf 89' lang='lat' dir='ltr'><strong>utnon</strong></span> <span class='ocrx_word' id='word_1_157' title='bbox 636 1883 765 1946; x_wconf 85' lang='lat' dir='ltr'><strong>tantum</strong></span> <span class='ocrx_word' id='word_1_158' title='bbox 792 1880 874 1946; x_wconf 91' lang='lat' dir='ltr'><strong>uitia</strong></span> <span class='ocrx_word' id='word_1_159' title='bbox 903 1879 1078 1946; x_wconf 86' lang='lat' dir='ltr'><strong>amicorum</strong></span> <span class='ocrx_word' id='word_1_160' title='bbox 1123 1951 1128 1960; x_wconf 43' lang='grc'><strong>,</strong></span> 
     </span>
     <span class='ocr_line' id='line_1_21' title="bbox 69 1966 1118 2056; baseline -0.007 -22"><span class='ocrx_word' id='word_1_161' title='bbox 69 1989 138 2034; x_wconf 88' lang='lat' dir='ltr'><strong>non</strong></span> <span class='ocrx_word' id='word_1_162' title='bbox 165 1971 326 2056; x_wconf 82' lang='lat' dir='ltr'><strong>tegamus,</strong></span> <span class='ocrx_word' id='word_1_163' title='bbox 353 1967 409 2033; x_wconf 86' lang='lat' dir='ltr'><strong>sed</strong></span> <span class='ocrx_word' id='word_1_164' title='bbox 437 1966 534 2033; x_wconf 85' lang='lat' dir='ltr'><strong>etiam</strong></span> <span class='ocrx_word' id='word_1_165' title='bbox 561 1966 672 2033; x_wconf 85' lang='lat' dir='ltr'><strong>laudes</strong></span> <span class='ocrx_word' id='word_1_166' title='bbox 699 1968 788 2053; x_wconf 86' lang='lat' dir='ltr'><strong>ipsas</strong></span> <span class='ocrx_word' id='word_1_167' title='bbox 817 1968 900 2034; x_wconf 89' lang='lat' dir='ltr'><strong>male</strong></span> <span class='ocrx_word' id='word_1_168' title='bbox 923 1967 1118 2052; x_wconf 70' lang='lat' dir='ltr'><strong>interprete</strong></span> 
     </span>
     <span class='ocr_line' id='line_1_22' title="bbox 69 2054 1078 2144; baseline -0.002 -20"><span class='ocrx_word' id='word_1_169' title='bbox 69 2057 378 2143; x_wconf 86' lang='lat' dir='ltr'><strong>tantesculpemue.</strong></span> <span class='ocrx_word' id='word_1_170' title='bbox 467 2054 510 2122; x_wconf 78' lang='lat'><strong>55</strong></span> <span class='ocrx_word' id='word_1_171' title='bbox 537 2059 651 2144; x_wconf 88' lang='lat' dir='ltr'><strong>atque</strong></span> <span class='ocrx_word' id='word_1_172' title='bbox 682 2057 873 2124; x_wconf 88' lang='lat' dir='ltr'><strong>sincerum</strong></span> <span class='ocrx_word' id='word_1_173' title='bbox 904 2055 1078 2144; x_wconf 88' lang='lat' dir='ltr'><strong>cupimus</strong></span> 
     </span>
     <span class='ocr_line' id='line_1_23' title="bbox 69 2144 1078 2232; baseline 0 -21"><span class='ocrx_word' id='word_1_174' title='bbox 69 2168 138 2213; x_wconf 91' lang='lat' dir='ltr'><strong>uas</strong></span> <span class='ocrx_word' id='word_1_175' title='bbox 159 2146 385 2213; x_wconf 76' lang='lat' dir='ltr'><strong>incrustare.</strong></span> <span class='ocrx_word' id='word_1_176' title='bbox 429 2144 621 2232; x_wconf 76' lang='lat' dir='ltr'><strong>allegoricos</strong></span> <span class='ocrx_word' id='word_1_177' title='bbox 647 2144 710 2213; x_wconf 88' lang='lat' dir='ltr'><strong>boc</strong></span> <span class='ocrx_word' id='word_1_178' title='bbox 737 2144 862 2212; x_wconf 85' lang='lat' dir='ltr'><strong>dicitur.</strong></span> <span class='ocrx_word' id='word_1_179' title='bbox 906 2145 1078 2214; x_wconf 82' lang='lat' dir='ltr'><strong>incrustari</strong></span> 
     </span>
     <span class='ocr_line' id='line_1_24' title="bbox 68 2233 1341 2322; baseline -0.004 -20"><span class='ocrx_word' id='word_1_180' title='bbox 68 2240 178 2304; x_wconf 90' lang='lat' dir='ltr'><strong>eutem</strong></span> <span class='ocrx_word' id='word_1_181' title='bbox 204 2257 264 2302; x_wconf 87' lang='lat' dir='ltr'><strong>uas</strong></span> <span class='ocrx_word' id='word_1_182' title='bbox 291 2233 421 2319; x_wconf 89' lang='lat' dir='ltr'><strong>dieitur,</strong></span> <span class='ocrx_word' id='word_1_183' title='bbox 448 2255 520 2300; x_wconf 87' lang='lat' dir='ltr'><strong>cum</strong></span> <span class='ocrx_word' id='word_1_184' title='bbox 547 2233 655 2322; x_wconf 86' lang='lat' dir='ltr'><strong>aliquo</strong></span> <span class='ocrx_word' id='word_1_185' title='bbox 683 2235 802 2303; x_wconf 89' lang='lat' dir='ltr'><strong>uitioso</strong></span> <span class='ocrx_word' id='word_1_186' title='bbox 830 2257 908 2303; x_wconf 86' lang='lat' dir='ltr'><strong>auco</strong></span> <span class='ocrx_word' id='word_1_187' title='bbox 930 2234 1078 2302; x_wconf 88' lang='lat' dir='ltr'><strong>inlinitur</strong></span> <span class='ocrx_word' id='word_1_188' title='bbox 1201 2299 1205 2304; x_wconf 92' lang='grc'>,</span> <span class='ocrx_word' id='word_1_189' title='bbox 1274 2253 1278 2318; x_wconf 67' lang='grc' dir='ltr'>ζ</span> <span class='ocrx_word' id='word_1_190' title='bbox 1339 2286 1341 2297; x_wconf 86' lang='grc'><strong>.</strong></span> 
     </span>
     <span class='ocr_line' id='line_1_25' title="bbox 69 2319 1242 2412; baseline 0 -22"><span class='ocrx_word' id='word_1_191' title='bbox 69 2329 166 2411; x_wconf 88' lang='lat' dir='ltr'><strong>etque</strong></span> <span class='ocrx_word' id='word_1_192' title='bbox 190 2322 378 2409; x_wconf 78' lang='lat' dir='ltr'><strong>inquinatur</strong></span> <span class='ocrx_word' id='word_1_193' title='bbox 400 2319 544 2412; x_wconf 70' lang='lat' dir='ltr'><strong>[auteml</strong></span> <span class='ocrx_word' id='word_1_194' title='bbox 602 2323 779 2391; x_wconf 85' lang='lat' dir='ltr'><strong>secundum</strong></span> <span class='ocrx_word' id='word_1_195' title='bbox 801 2325 888 2411; x_wconf 92' lang='lat' dir='ltr'><strong>quod</strong></span> <span class='ocrx_word' id='word_1_196' title='bbox 911 2329 945 2394; x_wconf 88' lang='lat' dir='ltr'><strong>et</strong></span> <span class='ocrx_word' id='word_1_197' title='bbox 966 2323 1076 2390; x_wconf 80' lang='lat' dir='ltr'><strong>Luci·</strong></span> <span class='ocrx_word' id='word_1_198' title='bbox 1238 2343 1242 2352; x_wconf 65' lang='lat'><em>¹</em></span> 
     </span>
     <span class='ocr_line' id='line_1_26' title="bbox 68 2409 1117 2504; baseline -0.005 -25"><span class='ocrx_word' id='word_1_199' title='bbox 68 2413 144 2479; x_wconf 91' lang='lat' dir='ltr'><strong>lius</strong></span> <span class='ocrx_word' id='word_1_200' title='bbox 179 2413 214 2478; x_wconf 94' lang='lat' dir='ltr'><strong>in</strong></span> <span class='ocrx_word' id='word_1_201' title='bbox 246 2409 296 2477; x_wconf 89' lang='lat'><strong>111</strong></span> <span class='ocrx_word' id='word_1_202' title='bbox 326 2411 499 2494; x_wconf 73' lang='lat' dir='ltr'><strong>sabbarum</strong></span> <span class='ocrx_word' id='word_1_203' title='bbox 531 2411 578 2478; x_wconf 87' lang='lat' dir='ltr'><strong>ait</strong></span> <span class='ocrx_word' id='word_1_204' title='bbox 608 2410 702 2479; x_wconf 88' lang='lat' dir='ltr'><strong>Nam</strong></span> <span class='ocrx_word' id='word_1_205' title='bbox 739 2413 811 2480; x_wconf 88' lang='lat' dir='ltr'><strong>mel</strong></span> <span class='ocrx_word' id='word_1_206' title='bbox 847 2413 1117 2504; x_wconf 75' lang='lat' dir='ltr'><strong>regionibusss</strong></span> 
     </span>
     <span class='ocr_line' id='line_1_27' title="bbox 68 2499 1031 2581; baseline 0.001 -15"><span class='ocrx_word' id='word_1_207' title='bbox 68 2499 150 2567; x_wconf 93' lang='lat' dir='ltr'><strong>illis</strong></span> <span class='ocrx_word' id='word_1_208' title='bbox 173 2499 420 2566; x_wconf 87' lang='lat' dir='ltr'><strong>lnerustatus</strong></span> <span class='ocrx_word' id='word_1_209' title='bbox 442 2499 543 2566; x_wconf 86' lang='lat' dir='ltr'><strong>calix</strong></span> <span class='ocrx_word' id='word_1_210' title='bbox 565 2501 586 2581; x_wconf 92' lang='lat'><em>†</em></span> <span class='ocrx_word' id='word_1_211' title='bbox 608 2505 696 2567; x_wconf 90' lang='lat' dir='ltr'><strong>rute</strong></span> <span class='ocrx_word' id='word_1_212' title='bbox 716 2500 840 2568; x_wconf 85' lang='lat' dir='ltr'><strong>oeulis</strong></span> <span class='ocrx_word' id='word_1_213' title='bbox 857 2502 1031 2576; x_wconf 83' lang='lat' dir='ltr'><strong>hebetur.</strong></span> 
     </span>
     <span class='ocr_line' id='line_1_28' title="bbox 67 2585 1077 2679; baseline -0.001 -23"><span class='ocrx_word' id='word_1_214' title='bbox 67 2589 111 2656; x_wconf 76' lang='lat'><strong>57</strong></span> <span class='ocrx_word' id='word_1_215' title='bbox 134 2587 195 2655; x_wconf 92' lang='lat' dir='ltr'><strong>illi</strong></span> <span class='ocrx_word' id='word_1_216' title='bbox 217 2589 328 2655; x_wconf 88' lang='lat' dir='ltr'><strong>tardo</strong></span> <span class='ocrx_word' id='word_1_217' title='bbox 352 2607 564 2676; x_wconf 75' lang='lat' dir='ltr'><strong>cognomen</strong></span> <span class='ocrx_word' id='word_1_218' title='bbox 582 2588 725 2678; x_wconf 77' lang='lat' dir='ltr'><strong>pingui</strong></span> <span class='ocrx_word' id='word_1_219' title='bbox 753 2589 894 2658; x_wconf 86' lang='lat' dir='ltr'><strong>demus.</strong></span> <span class='ocrx_word' id='word_1_220' title='bbox 939 2585 998 2679; x_wconf 91' lang='lat' dir='ltr'><strong>[id]</strong></span> <span class='ocrx_word' id='word_1_221' title='bbox 1027 2592 1077 2656; x_wconf 91' lang='lat' dir='ltr'><strong>est</strong></span> 
     </span>
     <span class='ocr_line' id='line_1_29' title="bbox 67 2677 1075 2768; baseline 0.003 -26"><span class='ocrx_word' id='word_1_222' title='bbox 67 2698 195 2742; x_wconf 87' lang='lat' dir='ltr'><strong>sensus:</strong></span> <span class='ocrx_word' id='word_1_223' title='bbox 222 2678 373 2743; x_wconf 79' lang='lat' dir='ltr'><strong>notarem</strong></span> <span class='ocrx_word' id='word_1_224' title='bbox 395 2677 436 2764; x_wconf 55' lang='lat' dir='ltr'><strong>‚in</strong></span> <span class='ocrx_word' id='word_1_225' title='bbox 462 2677 578 2744; x_wconf 90' lang='lat' dir='ltr'><strong>uitium</strong></span> <span class='ocrx_word' id='word_1_226' title='bbox 607 2681 771 2746; x_wconf 87' lang='lat' dir='ltr'><strong>uertentes</strong></span> <span class='ocrx_word' id='word_1_227' title='bbox 792 2701 852 2765; x_wconf 91' lang='lat' dir='ltr'><strong>pro</strong></span> <span class='ocrx_word' id='word_1_228' title='bbox 875 2679 990 2768; x_wconf 79' lang='lat' dir='ltr'><strong>pingui</strong></span> <span class='ocrx_word' id='word_1_229' title='bbox 1011 2683 1075 2745; x_wconf 90' lang='lat' dir='ltr'><strong>ter·</strong></span> 
     </span>
    </p>
   </div>
   <div class='ocr_carea' id='block_1_3' title="bbox 59 2829 1350 3550">
    <p class='ocr_par' dir='ltr' id='par_1_4' title="bbox 59 2829 1350 3474">
     <span class='ocr_line' id='line_1_30' title="bbox 137 2829 1261 2918; baseline 0.004 -30"><span class='ocrx_word' id='word_1_230' title='bbox 137 2838 172 2890; x_wconf 84' lang='lat' dir='ltr'><strong>as</strong></span> <span class='ocrx_word' id='word_1_231' title='bbox 189 2829 292 2889; x_wconf 74' lang='lat' dir='ltr'><strong>nuum</strong></span> <span class='ocrx_word' id='word_1_232' title='bbox 308 2832 409 2906; x_wconf 68' lang='lat' dir='ltr'><strong>fragm.</strong></span> <span class='ocrx_word' id='word_1_233' title='bbox 426 2834 473 2905; x_wconf 82' lang='lat'><strong>111,</strong></span> <span class='ocrx_word' id='word_1_234' title='bbox 491 2841 526 2892; x_wconf 80' lang='lat' dir='ltr'><strong>so</strong></span> <span class='ocrx_word' id='word_1_235' title='bbox 1255 2911 1261 2918; x_wconf 21' lang='grc' dir='ltr'>ι</span> 
     </span>
     <span class='ocr_line' id='line_1_31' title="bbox 136 2929 1350 3050; baseline 0.008 -19"><span class='ocrx_word' id='word_1_236' title='bbox 136 2973 317 3032; x_wconf 71' lang='lat' dir='ltr'><strong>aeborbbus</strong></span> <span class='ocrx_word' id='word_1_237' title='bbox 340 3017 375 3033; x_wconf 94' lang='lat'><strong>..</strong></span> <span class='ocrx_word' id='word_1_238' title='bbox 398 2975 500 3048; x_wconf 79' lang='lat' dir='ltr'><strong>ersylus</strong></span> <span class='ocrx_word' id='word_1_239' title='bbox 519 2977 558 3032; x_wconf 99' lang='lat' dir='ltr'><em>M</em></span> <span class='ocrx_word' id='word_1_240' title='bbox 644 2985 662 3034; x_wconf 78' lang='grc'><strong>4</strong></span> <span class='ocrx_word' id='word_1_241' title='bbox 685 2979 761 3035; x_wconf 79' lang='lat' dir='ltr'><strong>intre</strong></span> <span class='ocrx_word' id='word_1_242' title='bbox 790 2978 920 3050; x_wconf 81' lang='lat' dir='ltr'><strong>pedalem</strong></span> <span class='ocrx_word' id='word_1_243' title='bbox 939 2979 977 3035; x_wconf 92' lang='lat' dir='ltr'><em>M</em></span> <span class='ocrx_word' id='word_1_244' title='bbox 997 2978 1074 3050; x_wconf 87' lang='lat' dir='ltr'><strong>bipe-</strong></span> <span class='ocrx_word' id='word_1_245' title='bbox 1099 3035 1103 3040; x_wconf 89' lang='lat'><strong>.</strong></span> <span class='ocrx_word' id='word_1_246' title='bbox 1182 2945 1208 2974; x_wconf 17' lang='grc' dir='ltr'><strong>’ἡ</strong></span> <span class='ocrx_word' id='word_1_247' title='bbox 1277 2939 1281 2956; x_wconf 36' lang='lat'>¹</span> <span class='ocrx_word' id='word_1_248' title='bbox 1349 2929 1350 2976; x_wconf 60' lang='lat' dir='ltr'><strong>l</strong></span> 
     </span>
     <span class='ocr_line' id='line_1_32' title="bbox 64 3044 1288 3120; baseline 0.003 -18"><span class='ocrx_word' id='word_1_249' title='bbox 64 3044 158 3103; x_wconf 85' lang='lat' dir='ltr'><strong>dalem</strong></span> <span class='ocrx_word' id='word_1_250' title='bbox 175 3047 220 3103; x_wconf 75' lang='lat' dir='ltr'><strong>uel</strong></span> <span class='ocrx_word' id='word_1_251' title='bbox 237 3047 306 3103; x_wconf 83' lang='lat' dir='ltr'><strong>semi</strong></span> <span class='ocrx_word' id='word_1_252' title='bbox 328 3046 436 3103; x_wconf 75' lang='grc' dir='ltr'><strong>οὰιιΙοιιι</strong></span> <span class='ocrx_word' id='word_1_253' title='bbox 454 3047 520 3104; x_wconf 77' lang='lat' dir='ltr'><strong>Aer.</strong></span> <span class='ocrx_word' id='word_1_254' title='bbox 584 3049 781 3120; x_wconf 73' lang='lat' dir='ltr'><strong>depellantur</strong></span> <span class='ocrx_word' id='word_1_255' title='bbox 794 3049 833 3106; x_wconf 88' lang='lat' dir='ltr'><em>M</em></span> <span class='ocrx_word' id='word_1_256' title='bbox 903 3049 1074 3120; x_wconf 75' lang='lat' dir='ltr'><strong>obelbuttrt</strong></span> <span class='ocrx_word' id='word_1_257' title='bbox 1279 3073 1288 3090; x_wconf 60' lang='grc' dir='ltr'><strong>ι</strong></span> 
     </span>
     <span class='ocr_line' id='line_1_33' title="bbox 64 3117 1350 3194; baseline 0.005 -22"><span class='ocrx_word' id='word_1_258' title='bbox 64 3117 107 3173; x_wconf 84' lang='lat' dir='ltr'><strong>bie</strong></span> <span class='ocrx_word' id='word_1_259' title='bbox 126 3117 164 3174; x_wconf 91' lang='grc' dir='ltr'><em>Μ</em></span> <span class='ocrx_word' id='word_1_260' title='bbox 233 3125 249 3176; x_wconf 70' lang='lat' dir='ltr'>ss</span> <span class='ocrx_word' id='word_1_261' title='bbox 269 3137 298 3174; x_wconf 86' lang='lat' dir='ltr'><strong>ru</strong></span> <span class='ocrx_word' id='word_1_262' title='bbox 312 3132 406 3190; x_wconf 74' lang='lat' dir='ltr'><strong>ingere</strong></span> <span class='ocrx_word' id='word_1_263' title='bbox 425 3118 463 3173; x_wconf 89' lang='grc' dir='ltr'><em>Μ</em></span> <span class='ocrx_word' id='word_1_264' title='bbox 480 3124 513 3175; x_wconf 77' lang='lat'><strong>12</strong></span> <span class='ocrx_word' id='word_1_265' title='bbox 532 3120 656 3192; x_wconf 78' lang='lat' dir='ltr'><strong>apellare</strong></span> <span class='ocrx_word' id='word_1_266' title='bbox 675 3121 714 3176; x_wconf 99' lang='grc' dir='ltr'><em>Μ</em></span> <span class='ocrx_word' id='word_1_267' title='bbox 784 3128 817 3178; x_wconf 83' lang='lat' dir='ltr'><strong>la</strong></span> <span class='ocrx_word' id='word_1_268' title='bbox 831 3126 896 3192; x_wconf 78' lang='lat' dir='ltr'><strong>post</strong></span> <span class='ocrx_word' id='word_1_269' title='bbox 912 3119 1075 3194; x_wconf 86' lang='lat' dir='ltr'><strong>pronuntiet</strong></span> <span class='ocrx_word' id='word_1_270' title='bbox 1344 3160 1350 3192; x_wconf 71' lang='lat'><strong>·,</strong></span> 
     </span>
     <span class='ocr_line' id='line_1_34' title="bbox 62 3189 1350 3279; baseline 0.003 -34"><span class='ocrx_word' id='word_1_271' title='bbox 62 3194 216 3262; x_wconf 59' lang='lat' dir='ltr'><strong>squamus</strong></span> <span class='ocrx_word' id='word_1_272' title='bbox 232 3189 264 3246; x_wconf 82' lang='lat' dir='ltr'><strong>s’n</strong></span> <span class='ocrx_word' id='word_1_273' title='bbox 283 3189 320 3246; x_wconf 88' lang='lat' dir='ltr'><em>M</em></span> <span class='ocrx_word' id='word_1_274' title='bbox 323 3208 332 3244; x_wconf 92' lang='grc'><strong>.·</strong></span> <span class='ocrx_word' id='word_1_275' title='bbox 350 3189 375 3246; x_wconf 69' lang='grc' dir='ltr'><strong>ἅ</strong></span> <span class='ocrx_word' id='word_1_276' title='bbox 391 3205 499 3262; x_wconf 76' lang='lat' dir='ltr'><strong>angeuu</strong></span> <span class='ocrx_word' id='word_1_277' title='bbox 521 3209 630 3261; x_wconf 85' lang='lat' dir='ltr'><strong>sumas,</strong></span> <span class='ocrx_word' id='word_1_278' title='bbox 655 3194 688 3249; x_wconf 93' lang='lat' dir='ltr'><strong>ut</strong></span> <span class='ocrx_word' id='word_1_279' title='bbox 711 3209 767 3249; x_wconf 88' lang='lat' dir='ltr'><strong>uon</strong></span> <span class='ocrx_word' id='word_1_280' title='bbox 784 3193 895 3250; x_wconf 72' lang='lat' dir='ltr'><strong>ustum</strong></span> <span class='ocrx_word' id='word_1_281' title='bbox 914 3195 988 3278; x_wconf 73' lang='lat' dir='ltr'><strong>urba</strong></span> <span class='ocrx_word' id='word_1_282' title='bbox 1000 3209 1074 3279; x_wconf 65' lang='lat' dir='ltr'><strong>pinr-</strong></span> <span class='ocrx_word' id='word_1_283' title='bbox 1118 3229 1123 3242; x_wconf 78' lang='lat'><em>-</em></span> <span class='ocrx_word' id='word_1_284' title='bbox 1261 3237 1267 3246; x_wconf 83' lang='lat'><strong>.</strong></span> <span class='ocrx_word' id='word_1_285' title='bbox 1349 3249 1350 3258; x_wconf 63' lang='grc'>,</span> 
     </span>
     <span class='ocr_line' id='line_1_35' title="bbox 59 3259 1074 3392; baseline 0.006 -5"><span class='ocrx_word' id='word_1_286' title='bbox 59 3259 484 3388; x_wconf 45' lang='lat' dir='ltr'><strong>Modestum</strong></span> <span class='ocrx_word' id='word_1_287' title='bbox 501 3261 788 3391; x_wconf 50' lang='lat' dir='ltr'><strong>‘&#39;stuwi“</strong></span> <span class='ocrx_word' id='word_1_288' title='bbox 805 3265 1074 3392; x_wconf 58' lang='lat' dir='ltr'><strong>amp..</strong></span> 
     </span>
     <span class='ocr_line' id='line_1_36' title="bbox 63 3400 1073 3474; baseline 0.007 -17"><span class='ocrx_word' id='word_1_289' title='bbox 63 3401 260 3459; x_wconf 69' lang='lat' dir='ltr'><strong>tbrnlrlM</strong></span> <span class='ocrx_word' id='word_1_290' title='bbox 355 3400 1073 3474; x_wconf 64' lang='lat' dir='ltr'><strong>utcalixrntaiIsMstllmcalixetruteerree.</strong></span> 
     </span>
    </p>

    <p class='ocr_par' dir='ltr' id='par_1_5' title="bbox 62 3471 1148 3550">
     <span class='ocr_line' id='line_1_37' title="bbox 62 3471 1148 3550; baseline 0.011 -24"><span class='ocrx_word' id='word_1_291' title='bbox 62 3471 208 3528; x_wconf 75' lang='lat' dir='ltr'><strong>Lucili..</strong></span> <span class='ocrx_word' id='word_1_292' title='bbox 231 3475 332 3543; x_wconf 84' lang='lat' dir='ltr'><strong>quarto</strong></span> <span class='ocrx_word' id='word_1_293' title='bbox 354 3474 505 3530; x_wconf 79' lang='lat' dir='ltr'><strong>satirarum</strong></span> <span class='ocrx_word' id='word_1_294' title='bbox 528 3476 571 3531; x_wconf 85' lang='lat' dir='ltr'><strong>art</strong></span> <span class='ocrx_word' id='word_1_295' title='bbox 593 3489 667 3532; x_wconf 79' lang='lat' dir='ltr'><strong>narn·</strong></span> <span class='ocrx_word' id='word_1_296' title='bbox 685 3475 742 3533; x_wconf 87' lang='lat' dir='ltr'><strong>mel</strong></span> <span class='ocrx_word' id='word_1_297' title='bbox 768 3477 930 3550; x_wconf 75' lang='lat' dir='ltr'><strong>regionibns</strong></span> <span class='ocrx_word' id='word_1_298' title='bbox 957 3477 1015 3534; x_wconf 84' lang='lat' dir='ltr'><strong>rllrs</strong></span> <span class='ocrx_word' id='word_1_299' title='bbox 1034 3483 1072 3534; x_wconf 87' lang='grc'><strong>“..</strong></span> <span class='ocrx_word' id='word_1_300' title='bbox 1141 3529 1148 3538; x_wconf 95' lang='grc'><em>,</em></span> 
     </span>
    </p>
   </div>
   <div class='ocr_carea' id='block_1_4' title="bbox 63 3542 1073 3667">
    <p class='ocr_par' dir='ltr' id='par_1_6' title="bbox 63 3542 1073 3667">
     <span class='ocr_line' id='line_1_38' title="bbox 63 3542 1073 3667; baseline 0.008 -71"><span class='ocrx_word' id='word_1_301' title='bbox 63 3542 248 3667; x_wconf 53' lang='lat' dir='ltr'><strong>ffirpmcalrx</strong></span> <span class='ocrx_word' id='word_1_302' title='bbox 265 3545 343 3599; x_wconf 82' lang='lat' dir='ltr'><strong>rutra</strong></span> <span class='ocrx_word' id='word_1_303' title='bbox 360 3543 426 3600; x_wconf 78' lang='lat' dir='ltr'><strong>Geel.</strong></span> <span class='ocrx_word' id='word_1_304' title='bbox 443 3543 560 3616; x_wconf 69' lang='lat' dir='ltr'><strong>Bausta.</strong></span> <span class='ocrx_word' id='word_1_305' title='bbox 637 3551 672 3602; x_wconf 67' lang='grc' dir='ltr'><em>Μ</em></span> <span class='ocrx_word' id='word_1_306' title='bbox 691 3546 721 3604; x_wconf 81' lang='lat' dir='ltr'><strong>ed</strong></span> <span class='ocrx_word' id='word_1_307' title='bbox 740 3547 761 3618; x_wconf 91' lang='grc' dir='ltr'><strong>(ι</strong></span> <span class='ocrx_word' id='word_1_308' title='bbox 778 3563 813 3605; x_wconf 75' lang='lat' dir='ltr'><strong>ec</strong></span> <span class='ocrx_word' id='word_1_309' title='bbox 831 3568 845 3605; x_wconf 85' lang='lat' dir='ltr'><strong>e</strong></span> <span class='ocrx_word' id='word_1_310' title='bbox 862 3549 945 3619; x_wconf 79' lang='lat' dir='ltr'><strong>corr.)</strong></span> <span class='ocrx_word' id='word_1_311' title='bbox 962 3549 1007 3622; x_wconf 90' lang='lat' dir='ltr'><strong>M,</strong></span> <span class='ocrx_word' id='word_1_312' title='bbox 1025 3545 1073 3604; x_wconf 90' lang='lat' dir='ltr'><strong>bic</strong></span> 
     </span>
    </p>
   </div>
   <div class='ocr_carea' id='block_1_5' title="bbox 1178 1337 1272 1362">
    <p class='ocr_par' dir='ltr' id='par_1_7' title="bbox 1178 1337 1272 1362">
     <span class='ocr_line' id='line_1_39' title="bbox 1178 1337 1272 1362; baseline 0 -4"><span class='ocrx_word' id='word_1_313' title='bbox 1178 1337 1272 1362; x_wconf 45' lang='lat' dir='ltr'><strong>“alst</strong></span> 
     </span>
    </p>
   </div>
   <div class='ocr_carea' id='block_1_6' title="bbox 0 0 1358 3842">
    <p class='ocr_par' dir='ltr' id='par_1_8' title="bbox 0 0 1358 3842">
     <span class='ocr_line' id='line_1_40' title="bbox 0 0 1358 3842; baseline 0 4"><span class='ocrx_word' id='word_1_314' title='bbox 0 0 1358 3842; x_wconf 95' lang='lat' dir='ltr'><strong> </strong></span> 
     </span>
    </p>
   </div>
  </div>
 </body>
</html>
